<!DOCTYPE html>
<!-- saved from url=(0067)file:///C:/Users/Christopher/flask-tutorial/heb_lettuce_search.html -->
<html xmlns="http://www.w3.org/1999/xhtml" xml:lang="en" lang="en"><head><meta http-equiv="Content-Type" content="text/html; charset=UTF-8">
		
		<meta name="viewport" content="width=device-width, initial-scale=1.0">
		<title>Search Results | Shop H-E-B</title>
		<meta property="og:title" content="Search Results | Shop H-E-B ">
		<meta property="og:site_name" content="H-E-B | No Store Does More ">
		<meta property="twitter:title" content="Search Results | Shop H-E-B ">
		<meta name="description" content="View search results for Lettuce on heb.com.  ">
		<meta name="keywords" content="Lettuce search results on H-E-B, search H-E-B product catalog, search H-E-B recipes  ">
		 <meta name="apple-itunes-app" content="app-id=1477891300">
	
	<!--  add GTM global data layer here -->
	<script type="text/javascript" async="" src="./heb_lettuce_search_files/ec.js.download"></script><script async="" src="./heb_lettuce_search_files/main.b3497531.js.download"></script><script type="text/javascript" async="" src="./heb_lettuce_search_files/analytics.js.download"></script><script async="" src="./heb_lettuce_search_files/scevent.min.js.download"></script><script async="" src="./heb_lettuce_search_files/fbevents.js.download"></script><script type="text/javascript" async="" src="file://www.googleadservices.com/pagead/conversion_async.js"></script><script type="text/javascript" async="" src="file://bat.bing.com/bat.js"></script><script type="text/javascript" async="" src="file://www.googleadservices.com/pagead/conversion_async.js"></script><script type="text/javascript" async="" src="./heb_lettuce_search_files/core.js.download"></script><script type="text/javascript" async="" src="./heb_lettuce_search_files/uwt.js.download"></script><script async="" src="./heb_lettuce_search_files/gtm.js.download"></script><script type="text/javascript">
	var dataLayer = dataLayer || [];
	
	var url = '/search/';
	var pageType = 'search';
	
	<!-- this is not working for vue pages -->
	if(typeof VueStore != 'undefined'){
		pageType=VueStore.$route.name;
		url=window.location;
	}
	
	var urlArray = url.split("/");
	dataLayer= [{
		 'page': {
			   'pageSubSection1': urlArray[1],
			   'pageSubSection2': urlArray[2],
			   'pageSubSection3': urlArray[3],
			   'pageSubSection4': urlArray[4],
			   
			   'pageType': pageType,
			   'context': 'curbside'
			 },
			 'storeId': '16',
			 'fulfillmentMethod': 'curbside pickup',
			 'customer': {
			   'loggedIn': 'logged out',
			   'registeredState': 'unknown',
			   'id': '', 
			   'email': '',
			   'zip': '',
			   'addOnFlag': 'false',
			   'shoppingListItems': '0',
			   'abGroup': 'a'
			 },
			 'cart': {
				'id':'HEB5299750528',
			   'cartItems': '0',
			   'cartSubTotal': '0.0',
			   'discount': '0.0',
			   'products': [
			   ]
			 }
			}];
	</script>
	
	<!-- Google Tag Manager -->
	<script>(function(w,d,s,l,i){w[l]=w[l]||[];w[l].push({'gtm.start':
	new Date().getTime(),event:'gtm.js'});var f=d.getElementsByTagName(s)[0],
	j=d.createElement(s),dl=l!='dataLayer'?'&l='+l:'';j.async=true;j.src=
	'https://www.googletagmanager.com/gtm.js?id='+i+dl+'';f.parentNode.insertBefore(j,f);
	})(window,document,'script','dataLayer','GTM-MV693B9');</script>
	<!-- End Google Tag Manager -->

<link rel="shortcut icon" href="file:///C:/img/favicon.ico" type="image/x-icon">
		<link rel="apple-touch-icon" sizes="57x57" href="file:///C:/img/static/apple-icon-57x57.png">
		<link rel="apple-touch-icon" sizes="60x60" href="file:///C:/img/static/apple-icon-60x60.png">
		<link rel="apple-touch-icon" sizes="72x72" href="file:///C:/img/static/apple-icon-72x72.png">
		<link rel="apple-touch-icon" sizes="76x76" href="file:///C:/img/static/apple-icon-76x76.png">
		<link rel="apple-touch-icon" sizes="114x114" href="file:///C:/img/static/apple-icon-114x114.png">
		<link rel="apple-touch-icon" sizes="120x120" href="file:///C:/img/static/apple-icon-120x120.png">
		<link rel="apple-touch-icon" sizes="144x144" href="file:///C:/img/static/apple-icon-144x144.png">
		<link rel="apple-touch-icon" sizes="152x152" href="file:///C:/img/static/apple-icon-152x152.png">
		<link rel="apple-touch-icon" sizes="180x180" href="file:///C:/img/static/apple-icon-180x180.png">
		<link rel="icon" type="image/png" sizes="192x192" href="file:///C:/img/static/android-icon-192x192.png">
		<link rel="icon" type="image/png" sizes="32x32" href="file:///C:/img/static/favicon-32x32.png">
		<link rel="icon" type="image/png" sizes="96x96" href="file:///C:/img/static/favicon-96x96.png">
		<link rel="icon" type="image/png" sizes="16x16" href="file:///C:/img/static/favicon-16x16.png">

		<meta name="msapplication-TileImage" content="/img/static/ms-icon-144x144.png">

		<script type="text/javascript">
				window.NREUM||(NREUM={}),__nr_require=function(t,n,e){function r(e){if(!n[e]){var o=n[e]={exports:{}};t[e][0].call(o.exports,function(n){var o=t[e][1][n];return r(o||n)},o,o.exports)}return n[e].exports}if("function"==typeof __nr_require)return __nr_require;for(var o=0;o<e.length;o++)r(e[o]);return r}({1:[function(t,n,e){function r(t){try{s.console&&console.log(t)}catch(n){}}var o,i=t("ee"),a=t(15),s={};try{o=localStorage.getItem("__nr_flags").split(","),console&&"function"==typeof console.log&&(s.console=!0,o.indexOf("dev")!==-1&&(s.dev=!0),o.indexOf("nr_dev")!==-1&&(s.nrDev=!0))}catch(c){}s.nrDev&&i.on("internal-error",function(t){r(t.stack)}),s.dev&&i.on("fn-err",function(t,n,e){r(e.stack)}),s.dev&&(r("NR AGENT IN DEVELOPMENT MODE"),r("flags: "+a(s,function(t,n){return t}).join(", ")))},{}],2:[function(t,n,e){function r(t,n,e,r,o){try{d?d-=1:i("err",[o||new UncaughtException(t,n,e)])}catch(s){try{i("ierr",[s,c.now(),!0])}catch(u){}}return"function"==typeof f&&f.apply(this,a(arguments))}function UncaughtException(t,n,e){this.message=t||"Uncaught error with no additional information",this.sourceURL=n,this.line=e}function o(t){i("err",[t,c.now()])}var i=t("handle"),a=t(16),s=t("ee"),c=t("loader"),f=window.onerror,u=!1,d=0;c.features.err=!0,t(1),window.onerror=r;try{throw new Error}catch(l){"stack"in l&&(t(8),t(7),"addEventListener"in window&&t(5),c.xhrWrappable&&t(9),u=!0)}s.on("fn-start",function(t,n,e){u&&(d+=1)}),s.on("fn-err",function(t,n,e){u&&(this.thrown=!0,o(e))}),s.on("fn-end",function(){u&&!this.thrown&&d>0&&(d-=1)}),s.on("internal-error",function(t){i("ierr",[t,c.now(),!0])})},{}],3:[function(t,n,e){t("loader").features.ins=!0},{}],4:[function(t,n,e){function r(t){}if(window.performance&&window.performance.timing&&window.performance.getEntriesByType){var o=t("ee"),i=t("handle"),a=t(8),s=t(7),c="learResourceTimings",f="addEventListener",u="resourcetimingbufferfull",d="bstResource",l="resource",p="-start",h="-end",m="fn"+p,w="fn"+h,v="bstTimer",y="pushState",g=t("loader");g.features.stn=!0,t(6);var b=NREUM.o.EV;o.on(m,function(t,n){var e=t[0];e instanceof b&&(this.bstStart=g.now())}),o.on(w,function(t,n){var e=t[0];e instanceof b&&i("bst",[e,n,this.bstStart,g.now()])}),a.on(m,function(t,n,e){this.bstStart=g.now(),this.bstType=e}),a.on(w,function(t,n){i(v,[n,this.bstStart,g.now(),this.bstType])}),s.on(m,function(){this.bstStart=g.now()}),s.on(w,function(t,n){i(v,[n,this.bstStart,g.now(),"requestAnimationFrame"])}),o.on(y+p,function(t){this.time=g.now(),this.startPath=location.pathname+location.hash}),o.on(y+h,function(t){i("bstHist",[location.pathname+location.hash,this.startPath,this.time])}),f in window.performance&&(window.performance["c"+c]?window.performance[f](u,function(t){i(d,[window.performance.getEntriesByType(l)]),window.performance["c"+c]()},!1):window.performance[f]("webkit"+u,function(t){i(d,[window.performance.getEntriesByType(l)]),window.performance["webkitC"+c]()},!1)),document[f]("scroll",r,{passive:!0}),document[f]("keypress",r,!1),document[f]("click",r,!1)}},{}],5:[function(t,n,e){function r(t){for(var n=t;n&&!n.hasOwnProperty(u);)n=Object.getPrototypeOf(n);n&&o(n)}function o(t){s.inPlace(t,[u,d],"-",i)}function i(t,n){return t[1]}var a=t("ee").get("events"),s=t(18)(a,!0),c=t("gos"),f=XMLHttpRequest,u="addEventListener",d="removeEventListener";n.exports=a,"getPrototypeOf"in Object?(r(document),r(window),r(f.prototype)):f.prototype.hasOwnProperty(u)&&(o(window),o(f.prototype)),a.on(u+"-start",function(t,n){var e=t[1],r=c(e,"nr@wrapped",function(){function t(){if("function"==typeof e.handleEvent)return e.handleEvent.apply(e,arguments)}var n={object:t,"function":e}[typeof e];return n?s(n,"fn-",null,n.name||"anonymous"):e});this.wrapped=t[1]=r}),a.on(d+"-start",function(t){t[1]=this.wrapped||t[1]})},{}],6:[function(t,n,e){var r=t("ee").get("history"),o=t(18)(r);n.exports=r,o.inPlace(window.history,["pushState","replaceState"],"-")},{}],7:[function(t,n,e){var r=t("ee").get("raf"),o=t(18)(r),i="equestAnimationFrame";n.exports=r,o.inPlace(window,["r"+i,"mozR"+i,"webkitR"+i,"msR"+i],"raf-"),r.on("raf-start",function(t){t[0]=o(t[0],"fn-")})},{}],8:[function(t,n,e){function r(t,n,e){t[0]=a(t[0],"fn-",null,e)}function o(t,n,e){this.method=e,this.timerDuration=isNaN(t[1])?0:+t[1],t[0]=a(t[0],"fn-",this,e)}var i=t("ee").get("timer"),a=t(18)(i),s="setTimeout",c="setInterval",f="clearTimeout",u="-start",d="-";n.exports=i,a.inPlace(window,[s,"setImmediate"],s+d),a.inPlace(window,[c],c+d),a.inPlace(window,[f,"clearImmediate"],f+d),i.on(c+u,r),i.on(s+u,o)},{}],9:[function(t,n,e){function r(t,n){d.inPlace(n,["onreadystatechange"],"fn-",s)}function o(){var t=this,n=u.context(t);t.readyState>3&&!n.resolved&&(n.resolved=!0,u.emit("xhr-resolved",[],t)),d.inPlace(t,y,"fn-",s)}function i(t){g.push(t),h&&(x?x.then(a):w?w(a):(E=-E,O.data=E))}function a(){for(var t=0;t<g.length;t++)r([],g[t]);g.length&&(g=[])}function s(t,n){return n}function c(t,n){for(var e in t)n[e]=t[e];return n}t(5);var f=t("ee"),u=f.get("xhr"),d=t(18)(u),l=NREUM.o,p=l.XHR,h=l.MO,m=l.PR,w=l.SI,v="readystatechange",y=["onload","onerror","onabort","onloadstart","onloadend","onprogress","ontimeout"],g=[];n.exports=u;var b=window.XMLHttpRequest=function(t){var n=new p(t);try{u.emit("new-xhr",[n],n),n.addEventListener(v,o,!1)}catch(e){try{u.emit("internal-error",[e])}catch(r){}}return n};if(c(p,b),b.prototype=p.prototype,d.inPlace(b.prototype,["open","send"],"-xhr-",s),u.on("send-xhr-start",function(t,n){r(t,n),i(n)}),u.on("open-xhr-start",r),h){var x=m&&m.resolve();if(!w&&!m){var E=1,O=document.createTextNode(E);new h(a).observe(O,{characterData:!0})}}else f.on("fn-end",function(t){t[0]&&t[0].type===v||a()})},{}],10:[function(t,n,e){function r(t){var n=this.params,e=this.metrics;if(!this.ended){this.ended=!0;for(var r=0;r<d;r++)t.removeEventListener(u[r],this.listener,!1);if(!n.aborted){if(e.duration=a.now()-this.startTime,4===t.readyState){n.status=t.status;var i=o(t,this.lastSize);if(i&&(e.rxSize=i),this.sameOrigin){var c=t.getResponseHeader("X-NewRelic-App-Data");c&&(n.cat=c.split(", ").pop())}}else n.status=0;e.cbTime=this.cbTime,f.emit("xhr-done",[t],t),s("xhr",[n,e,this.startTime])}}}function o(t,n){var e=t.responseType;if("json"===e&&null!==n)return n;var r="arraybuffer"===e||"blob"===e||"json"===e?t.response:t.responseText;return h(r)}function i(t,n){var e=c(n),r=t.params;r.host=e.hostname+":"+e.port,r.pathname=e.pathname,t.sameOrigin=e.sameOrigin}var a=t("loader");if(a.xhrWrappable){var s=t("handle"),c=t(11),f=t("ee"),u=["load","error","abort","timeout"],d=u.length,l=t("id"),p=t(14),h=t(13),m=window.XMLHttpRequest;a.features.xhr=!0,t(9),f.on("new-xhr",function(t){var n=this;n.totalCbs=0,n.called=0,n.cbTime=0,n.end=r,n.ended=!1,n.xhrGuids={},n.lastSize=null,p&&(p>34||p<10)||window.opera||t.addEventListener("progress",function(t){n.lastSize=t.loaded},!1)}),f.on("open-xhr-start",function(t){this.params={method:t[0]},i(this,t[1]),this.metrics={}}),f.on("open-xhr-end",function(t,n){"loader_config"in NREUM&&"xpid"in NREUM.loader_config&&this.sameOrigin&&n.setRequestHeader("X-NewRelic-ID",NREUM.loader_config.xpid)}),f.on("send-xhr-start",function(t,n){var e=this.metrics,r=t[0],o=this;if(e&&r){var i=h(r);i&&(e.txSize=i)}this.startTime=a.now(),this.listener=function(t){try{"abort"===t.type&&(o.params.aborted=!0),("load"!==t.type||o.called===o.totalCbs&&(o.onloadCalled||"function"!=typeof n.onload))&&o.end(n)}catch(e){try{f.emit("internal-error",[e])}catch(r){}}};for(var s=0;s<d;s++)n.addEventListener(u[s],this.listener,!1)}),f.on("xhr-cb-time",function(t,n,e){this.cbTime+=t,n?this.onloadCalled=!0:this.called+=1,this.called!==this.totalCbs||!this.onloadCalled&&"function"==typeof e.onload||this.end(e)}),f.on("xhr-load-added",function(t,n){var e=""+l(t)+!!n;this.xhrGuids&&!this.xhrGuids[e]&&(this.xhrGuids[e]=!0,this.totalCbs+=1)}),f.on("xhr-load-removed",function(t,n){var e=""+l(t)+!!n;this.xhrGuids&&this.xhrGuids[e]&&(delete this.xhrGuids[e],this.totalCbs-=1)}),f.on("addEventListener-end",function(t,n){n instanceof m&&"load"===t[0]&&f.emit("xhr-load-added",[t[1],t[2]],n)}),f.on("removeEventListener-end",function(t,n){n instanceof m&&"load"===t[0]&&f.emit("xhr-load-removed",[t[1],t[2]],n)}),f.on("fn-start",function(t,n,e){n instanceof m&&("onload"===e&&(this.onload=!0),("load"===(t[0]&&t[0].type)||this.onload)&&(this.xhrCbStart=a.now()))}),f.on("fn-end",function(t,n){this.xhrCbStart&&f.emit("xhr-cb-time",[a.now()-this.xhrCbStart,this.onload,n],n)})}},{}],11:[function(t,n,e){n.exports=function(t){var n=document.createElement("a"),e=window.location,r={};n.href=t,r.port=n.port;var o=n.href.split("://");!r.port&&o[1]&&(r.port=o[1].split("/")[0].split("@").pop().split(":")[1]),r.port&&"0"!==r.port||(r.port="https"===o[0]?"443":"80"),r.hostname=n.hostname||e.hostname,r.pathname=n.pathname,r.protocol=o[0],"/"!==r.pathname.charAt(0)&&(r.pathname="/"+r.pathname);var i=!n.protocol||":"===n.protocol||n.protocol===e.protocol,a=n.hostname===document.domain&&n.port===e.port;return r.sameOrigin=i&&(!n.hostname||a),r}},{}],12:[function(t,n,e){function r(){}function o(t,n,e){return function(){return i(t,[f.now()].concat(s(arguments)),n?null:this,e),n?void 0:this}}var i=t("handle"),a=t(15),s=t(16),c=t("ee").get("tracer"),f=t("loader"),u=NREUM;"undefined"==typeof window.newrelic&&(newrelic=u);var d=["setPageViewName","setCustomAttribute","setErrorHandler","finished","addToTrace","inlineHit","addRelease"],l="api-",p=l+"ixn-";a(d,function(t,n){u[n]=o(l+n,!0,"api")}),u.addPageAction=o(l+"addPageAction",!0),u.setCurrentRouteName=o(l+"routeName",!0),n.exports=newrelic,u.interaction=function(){return(new r).get()};var h=r.prototype={createTracer:function(t,n){var e={},r=this,o="function"==typeof n;return i(p+"tracer",[f.now(),t,e],r),function(){if(c.emit((o?"":"no-")+"fn-start",[f.now(),r,o],e),o)try{return n.apply(this,arguments)}finally{c.emit("fn-end",[f.now()],e)}}}};a("setName,setAttribute,save,ignore,onEnd,getContext,end,get".split(","),function(t,n){h[n]=o(p+n)}),newrelic.noticeError=function(t){"string"==typeof t&&(t=new Error(t)),i("err",[t,f.now()])}},{}],13:[function(t,n,e){n.exports=function(t){if("string"==typeof t&&t.length)return t.length;if("object"==typeof t){if("undefined"!=typeof ArrayBuffer&&t instanceof ArrayBuffer&&t.byteLength)return t.byteLength;if("undefined"!=typeof Blob&&t instanceof Blob&&t.size)return t.size;if(!("undefined"!=typeof FormData&&t instanceof FormData))try{return JSON.stringify(t).length}catch(n){return}}}},{}],14:[function(t,n,e){var r=0,o=navigator.userAgent.match(/Firefox[\/\s](\d+\.\d+)/);o&&(r=+o[1]),n.exports=r},{}],15:[function(t,n,e){function r(t,n){var e=[],r="",i=0;for(r in t)o.call(t,r)&&(e[i]=n(r,t[r]),i+=1);return e}var o=Object.prototype.hasOwnProperty;n.exports=r},{}],16:[function(t,n,e){function r(t,n,e){n||(n=0),"undefined"==typeof e&&(e=t?t.length:0);for(var r=-1,o=e-n||0,i=Array(o<0?0:o);++r<o;)i[r]=t[n+r];return i}n.exports=r},{}],17:[function(t,n,e){n.exports={exists:"undefined"!=typeof window.performance&&window.performance.timing&&"undefined"!=typeof window.performance.timing.navigationStart}},{}],18:[function(t,n,e){function r(t){return!(t&&t instanceof Function&&t.apply&&!t[a])}var o=t("ee"),i=t(16),a="nr@original",s=Object.prototype.hasOwnProperty,c=!1;n.exports=function(t,n){function e(t,n,e,o){function nrWrapper(){var r,a,s,c;try{a=this,r=i(arguments),s="function"==typeof e?e(r,a):e||{}}catch(f){l([f,"",[r,a,o],s])}u(n+"start",[r,a,o],s);try{return c=t.apply(a,r)}catch(d){throw u(n+"err",[r,a,d],s),d}finally{u(n+"end",[r,a,c],s)}}return r(t)?t:(n||(n=""),nrWrapper[a]=t,d(t,nrWrapper),nrWrapper)}function f(t,n,o,i){o||(o="");var a,s,c,f="-"===o.charAt(0);for(c=0;c<n.length;c++)s=n[c],a=t[s],r(a)||(t[s]=e(a,f?s+o:o,i,s))}function u(e,r,o){if(!c||n){var i=c;c=!0;try{t.emit(e,r,o,n)}catch(a){l([a,e,r,o])}c=i}}function d(t,n){if(Object.defineProperty&&Object.keys)try{var e=Object.keys(t);return e.forEach(function(e){Object.defineProperty(n,e,{get:function(){return t[e]},set:function(n){return t[e]=n,n}})}),n}catch(r){l([r])}for(var o in t)s.call(t,o)&&(n[o]=t[o]);return n}function l(n){try{t.emit("internal-error",n)}catch(e){}}return t||(t=o),e.inPlace=f,e.flag=a,e}},{}],ee:[function(t,n,e){function r(){}function o(t){function n(t){return t&&t instanceof r?t:t?c(t,s,i):i()}function e(e,r,o,i){if(!l.aborted||i){t&&t(e,r,o);for(var a=n(o),s=h(e),c=s.length,f=0;f<c;f++)s[f].apply(a,r);var d=u[y[e]];return d&&d.push([g,e,r,a]),a}}function p(t,n){v[t]=h(t).concat(n)}function h(t){return v[t]||[]}function m(t){return d[t]=d[t]||o(e)}function w(t,n){f(t,function(t,e){n=n||"feature",y[e]=n,n in u||(u[n]=[])})}var v={},y={},g={on:p,emit:e,get:m,listeners:h,context:n,buffer:w,abort:a,aborted:!1};return g}function i(){return new r}function a(){(u.api||u.feature)&&(l.aborted=!0,u=l.backlog={})}var s="nr@context",c=t("gos"),f=t(15),u={},d={},l=n.exports=o();l.backlog=u},{}],gos:[function(t,n,e){function r(t,n,e){if(o.call(t,n))return t[n];var r=e();if(Object.defineProperty&&Object.keys)try{return Object.defineProperty(t,n,{value:r,writable:!0,enumerable:!1}),r}catch(i){}return t[n]=r,r}var o=Object.prototype.hasOwnProperty;n.exports=r},{}],handle:[function(t,n,e){function r(t,n,e,r){o.buffer([t],r),o.emit(t,n,e)}var o=t("ee").get("handle");n.exports=r,r.ee=o},{}],id:[function(t,n,e){function r(t){var n=typeof t;return!t||"object"!==n&&"function"!==n?-1:t===window?0:a(t,i,function(){return o++})}var o=1,i="nr@id",a=t("gos");n.exports=r},{}],loader:[function(t,n,e){function r(){if(!x++){var t=b.info=NREUM.info,n=l.getElementsByTagName("script")[0];if(setTimeout(u.abort,3e4),!(t&&t.licenseKey&&t.applicationID&&n))return u.abort();f(y,function(n,e){t[n]||(t[n]=e)}),c("mark",["onload",a()+b.offset],null,"api");var e=l.createElement("script");e.src="https://"+t.agent,n.parentNode.insertBefore(e,n)}}function o(){"complete"===l.readyState&&i()}function i(){c("mark",["domContent",a()+b.offset],null,"api")}function a(){return E.exists&&performance.now?Math.round(performance.now()):(s=Math.max((new Date).getTime(),s))-b.offset}var s=(new Date).getTime(),c=t("handle"),f=t(15),u=t("ee"),d=window,l=d.document,p="addEventListener",h="attachEvent",m=d.XMLHttpRequest,w=m&&m.prototype;NREUM.o={ST:setTimeout,SI:d.setImmediate,CT:clearTimeout,XHR:m,REQ:d.Request,EV:d.Event,PR:d.Promise,MO:d.MutationObserver};var v=""+location,y={beacon:"bam.nr-data.net",errorBeacon:"bam.nr-data.net",agent:"js-agent.newrelic.com/nr-1059.min.js"},g=m&&w&&w[p]&&!/CriOS/.test(navigator.userAgent),b=n.exports={offset:s,now:a,origin:v,features:{},xhrWrappable:g};t(12),l[p]?(l[p]("DOMContentLoaded",i,!1),d[p]("load",r,!1)):(l[h]("onreadystatechange",o),d[h]("onload",r)),c("mark",["firstbyte",s],null,"api");var x=0,E=t(17)},{}]},{},["loader",2,10,4,3]);
				;NREUM.info={beacon:"bam.nr-data.net",errorBeacon:"bam.nr-data.net",licenseKey:"107f4f8ae4",applicationID:"84327941",sa:1}
			</script>
		<script type="text/javascript">
		var heb = heb || {};
		heb.data = heb.data || {};
		
		
				heb.data['page'] = {"id":"cat","gigya":{"commentCategoryId":"General","commentFirstTagNicknamePrefix":"NICKNAME:"}};
			
				heb.data['cart'] = {"status":{"doInvokeESDCall":false},"order":{"id":"HEB5299750528","otherCartCount":0,"commerceItems":[]},"esdService":{"url":"https://openapi.heb.com/REST/v1/rest/model/heb/commerce/order/EstimatedShipDateActor/getEstimatedShippingDates","apiKey":"l7xx7865a76fc1de4434a377fa26bc5c9321","atgHost":""},"handler":{"lastOp":"","success":true,"commerceItemId":"","errors":[]},"hebToYouUrl":"https://shop.hebtoyou.com/","hebToYouUrlDirect":"https://shop.hebtoyou.com/?b2b_store="};
			
				heb.data['user'] = {"isGuest":true,"isRecognized":false,"isLoggedIn":false,"taxExemptionStatus":0,"hadPreviousPurchaseForGtm":"","isStoreSelected":true,"currentStoreId":"16","showCartSwitchModal":true,"postalCode":"71101","loginURL":"/my-account/login","externalUserIdentifier":"","sha256_email":"","dynSessConf":"-5086795091253690979","showDCSigninModal":"","activeShoppingList":{"id":"gl9476736530","name":"My List","totalItems":0},"lists":[{"id":"gl9476736530","name":"My List"}],"wishList":{"id":"gl9476736529","name":"Wish List"},"id":"5050388247","orderContext":"curbside"};
			
				heb.data['restapi'] = {"addToCartUrl":"https://www.heb.com/rest/model/atg/commerce/order/purchase/CartModifierActor/addItemToOrder","modifyCartUrl":"https://www.heb.com/rest/model/atg/commerce/order/purchase/CartModifierActor/updateCart","enabled":true,"apiKey":"l7xx7865a76fc1de4434a377fa26bc5c9321","vipHost":"https://www.heb.com","outOfStockErrorMessage":"Sorry we are out of stock for this item","invalidProductStoreErrorMessage":"The product you selected is not available in your current store.  Please select a different store."};
			
				heb.data['product'] = {"id":"","displayName":"","artifiIsEnabled":""};
			
				heb.data['general'] = {"googleMapsAPIKey":"AIzaSyAaGgOT6OAbQaCuOjDHj_w-80s1B91wKsM","rootNValue":"3139289889","l1":[{"id":"490020","shortDisplayName":"Fruit & Vegetables","displayName":"Fruit & Vegetables"},{"id":"490023","shortDisplayName":"Meat & Seafood","displayName":"Meat & Seafood"},{"id":"490014","shortDisplayName":"Bakery & Bread","displayName":"Bakery & Bread"},{"id":"490016","shortDisplayName":"Dairy & Eggs","displayName":"Dairy & Eggs"},{"id":"490017","shortDisplayName":"Deli & Prepared Food","displayName":"Deli & Prepared Food"},{"id":"490024","shortDisplayName":"Pantry","displayName":"Pantry"},{"id":"490019","shortDisplayName":"Frozen Food","displayName":"Frozen Food"},{"id":"490015","shortDisplayName":"Beverages","displayName":"Beverages"},{"id":"490018","shortDisplayName":"Everyday Essentials","displayName":"Everyday Essentials"},{"id":"490021","shortDisplayName":"Health & Beauty","displayName":"Health & Beauty"},{"id":"490022","shortDisplayName":"Home & Outdoor","displayName":"Home & Outdoor"},{"id":"489924","shortDisplayName":"Baby & Kids","displayName":"Baby & Kids"},{"id":"490025","shortDisplayName":"Pets","displayName":"Pets"},{"id":"1157212","shortDisplayName":"Donations","displayName":"Donations"}]};
			
				heb.data['fraudProfiling'] = {"enableThreatMetrixTag":true,"scriptURL":"https://ccc-tm-images.heb.com/fp/tags.js?org_id=4usbo8hl&session_id=R_BZ4v2Pd6AoLi5WnqTqmJVSs78C1NTogDdRfh2f"};
			
				heb.data['message'] = {"covid_representative_product_notice":{"displayName":"Best available","body":"Best available items will be chosen by your personal shopper based on what’s in stock.","keyValues":"{ctaText=Learn More, modalContentId=covid_representative_product_directions}"},"covid_representative_product_directions":{"displayName":"Best available items","body":"Due to high demand, we’ve changed how you shop for some items. When you purchase a best available item, your personal shopper will choose that item based on what we have in stock.","keyValues":"{}"},"limitedAddonsPerOrder":{"body":"Once you place your order, you won't be able to add more than 10 items. Be sure to double-check your cart!"},"limitedAddonsPerOrderAlert":{"body":"Due to high demand, add-on items are temporarily limited to 10 per order"}};
			
				heb.data['features'] = {"QUE_423_CURBSIDE_CONTEXT_IF_STH_SUSPEND":true,"MYHEB_1489_REACT_ACCOUNT_DASHBOARD":false,"REACT_HERO_BANNER":true,"REACT_CHANGE_PASSWORD":false,"REACT_COMM_PREFERENCES":false,"CTH_1590_TOTAL_ORDER_QUANTITY_LIMIT":true,"CTH_1660_ENABLE_REPRESENTATIVE_PRODUCTS":true,"ORDER_MODS_COMS_UPDATE":false,"REACT_FORGOT_PASSWORD":true,"WEB_408_EXO_GRAPHQL":false,"API_12_STORE_INFO_SERVICE_LOCATE":true,"HATCH_688_TIMESLOT_OVERRIDE_DAYS":true,"CTH_1793_PERSIST_SEQUENCE_NUMBER":true,"CTH_1135_OHS_CHECKOUT_SYNC":true,"PRODUCT_PREFERENCE_SERVICE":false,"REACT_REGISTRATION":false,"CTH_1531_PRODUCT_GROUP_QUANTITY_LIMITS":true,"MYHEB_780_PROFILE_PARAM_CHECK":true,"USE_NEW_STORE_INFO_SERVICE":true,"DONT_MERGE_PRODUCT_PREFERENCE":false,"REACT_FAQ":true,"CTH_1962_DISABLE_ORDER_CONTEXT_DEFAULT":true,"ORDER_HISTORY_SERVICE_ERROR_MAP":false,"RECAPTCHA_ENABLED":true,"HATCH_804_ADDON_SUBMIT_INVALIDATE_ORDER":true,"TITAN_734_REST_SECONDARY_CATEGORIES":false,"REACT_COMPONENT_HEADER":true,"MYHEB_705_REACT_LOGIN":false,"WEB_343_DISABLE_DYN_COOKIES":false,"ENABLE_REPRICE_SRVLT_RPRCE_WITHOUT_TAX":false,"MYHEB_1149_REACT_ADD_EDIT_ADDRESS":false,"TIMESLOT_SERVICE_ERROR_MAP":false,"HIDE_UNSELECTED_CATEGORIES":true,"DELIVERY_AVAILABILITY_ERROR_MAP":false,"HATCH_430_CURB_SG_CONTACT_INFO":true,"MYHEB_1437_NEW_SINGLE_PAGE_TERMS_ENABLED":false,"DEV_WIP":false,"GTM_HAD_PREVIOUS_PURCHASE":true,"NAP_704_STATELESS_SESSION_FIX":true,"REACT_MANAGE_CREDIT_CARDS":false,"CTH_1673_LOG_NULL_PRICE_INFO":true,"WEB_343_USE_JWT_FOR_AUTH":false,"CTH_1926_SINGLE_TIMESLOT_ADDON_ERROR":false,"WEB_412_MULTIPLE_ONLINE_ORDER_FIX":false,"CTH_1626_ALWAYS_ALLOW_SUBS":false,"DISABLE_IP_AUTO_LOCATION":true,"ALLOW_ADDON_SUBSTITUTIONS":false,"CTH_1608_GEOCODE_RETRY_WITH_NO_SUFFIX":true,"REACT_RESET_PASSWORD":true,"HATCH_662_SUPPORT_MED_TIMESLOTS":false,"OVERRIDE_CREATE_COMMERCE_ITEM":false,"HATCH_627_STORE_PICKER_NEXT_AVAIL_TS":true,"DISC_1285_SUSPEND_STH_EMS":true,"TITAN_988_SORT_REFINEMENTS":false,"REACT_ORDER_HISTORY":false,"DELETE_PROFILE":false,"TITAN_1161_COLLECTION_REFINEMENTS":false,"REMOVE_DEPRECATED_ERROR_BODY":false,"WEB_327_SEO_URL_FIX":true,"DAS_CALL_IN_REPRICING_PIPELINE":true,"CTH_1490_ENFORCE_MAX_QUANTITY_CURBSIDE":true,"ABTEST_PRICING_TEST":false,"HATCH_628_ALWAYS_LEAVE_AT_DOOR":true,"GRAPHQL_ENABLE":true,"REACT_COMPONENT_SERVICE_CALL":true,"REACT_EDIT_PROFILE":false,"TITAN_1123_COLLECTION_SORT":true,"ORDER_MODIFICATIONS":false,"WEB_343_USE_GIGYA_UID":false};
			</script>
  <script type="text/javascript" src="./heb_lettuce_search_files/graphql.min.js.download"></script>
    <script type="text/javascript" src="./heb_lettuce_search_files/polyfill.min.js.download"></script>
    <script type="text/javascript">
      var graphqlConfig = {"host": "/graphql"};
      window.gql = graphql(graphqlConfig.host, {
        asJSON: true,
        headers: {
          'ApolloGraphQL-Client-Name': 'Web (ATG)'
        },
      });
    </script>
  <script type="text/javascript">
		var contextRoot = '';
	</script>
	<link rel="stylesheet" type="text/css" href="file:///C:/css/min/heb.css?c84c0a52b1"><link href="./heb_lettuce_search_files/css" rel="stylesheet">

	<link rel="stylesheet" type="text/css" href="file:///C:/css/min/homepage.css?c84c0a52b1"><link rel="stylesheet" type="text/css" href="file:///C:/css/min/category.css?c84c0a52b1"><link rel="stylesheet" media="only screen and (min-width: 1025px), only screen and (max-width: 1440px)" type="text/css" href="file:///C:/css/min/responsive.css?c84c0a52b1"><link rel="stylesheet" media="only screen and (min-width: 756px), only screen and (max-width: 1024px)" type="text/css" href="file:///C:/css/min/responsive_med.css?c84c0a52b1"><link rel="stylesheet" media="only screen and (min-width: 320px), only screen and (max-width: 755px)" type="text/css" href="file:///C:/css/min/responsive_small.css?c84c0a52b1"><!--  module: dependencies - , moduleContents: jquery-core/jquery-3.4.1.min.js,jquery-core/jquery-migrate-1.4.1.min.js,jquery/jquery.jcarousel.min.js,jquery/jquery.qtip-2.1.1.min.js,jquery/jquery.simplemodal.1.4.4.min.js,jquery/jquery.scrollTo-1.4.3.1-min.js,jquery/jquery.pagination.js,jquery/jquery.autotab.min.js,jquery/jquery.cookie.js,jquery/jquery-ui-1.12.1.custom.js,jquery/jquery.ui.touch-punch.min.js,modernizr.js,script-loader.js -->
	<script type="text/javascript" src="file:///C:/js/min/dependencies.js?c84c0a52b1"></script>
<!-- google maps api -->
        <script type="text/javascript" src="./heb_lettuce_search_files/es.array.from-es.symbol.iterator.js.download"></script>
            <script src="./heb_lettuce_search_files/js"></script>
        <!-- unfortunately this must load synchronously, however it does get cached by browser -->

	<!--  module: main - , moduleContents: init.js,heb-screen.js,globalFunctions.js,cart.js,base.js,ajax.js,ajaxQueue.js,newHeb.js,common.js,pdp/stores.js,googleMap.js -->
	<script type="text/javascript" src="file:///C:/js/min/main.js?c84c0a52b1"></script>
<!--  module: async - , moduleContents: async/lazysizes.min.js,async/slick-carousel.js,async/ajax-carousel.js,async/static-carousel.js -->
	<script type="text/javascript" src="file:///C:/js/min/async.js?c84c0a52b1"></script>
<!--  module: gtm - , moduleContents: gtmTriggers.js -->
	<script type="text/javascript" src="file:///C:/js/min/gtm.js?c84c0a52b1"></script>
<link rel="stylesheet" type="text/css" href="file:///C:/css/min/recipe.css?c84c0a52b1"><link rel="stylesheet" type="text/css" href="file:///C:/css/min/emailoverlay.css?c84c0a52b1"><script type="text/javascript" src="file:///C:/js/min/category.js?c84c0a52b1"></script>
<script type="text/javascript" src="file:///C:/js/min/recipes.js?c84c0a52b1"></script>
<script type="text/javascript" src="file:///C:/js/min/newOverlay.js?c84c0a52b1"></script>
<script type="text/javascript" src="file:///C:/js/min/emailoverlay.js?c84c0a52b1"></script>
<script>
		$(window).load(function () {
		    $script('/js/socialTagging.js');
		    $script('//assets.pinterest.com/js/pinit.js');
		});
		</script>
	<style data-styled="" data-styled-version="5.0.0">.bFsLbF{width:100%;display:inherit;-webkit-align-items:inherit;-webkit-box-align:inherit;-ms-flex-align:inherit;align-items:inherit;-webkit-box-pack:inherit;-webkit-justify-content:inherit;-ms-flex-pack:inherit;justify-content:inherit;}
data-styled.g3[id="j2mcac-0"]{content:"bFsLbF,"}
.dSqvQO{max-width:16px;max-height:16px;margin-right:8px;}
data-styled.g4[id="sc-1xf1ol-0"]{content:"dSqvQO,"}
.evAyQr{font-size:14px;font-family:'Open Sans',-apple-system,BlinkMacSystemFont,Helvetica,Arial,sans-serif;font-size:14px;margin-bottom:8px;line-height:1.5;}
data-styled.g7[id="sc-1pvqt4t-0"]{content:"evAyQr,"}
.bLfxHB{color:inherit;-webkit-appearance:none;-moz-appearance:none;appearance:none;background-color:transparent;font-size:inherit;font-family:inherit;border:0;padding:0;margin:0;cursor:pointer;-webkit-text-decoration:none;text-decoration:none;text-align:inherit;}
.bLfxHB:hover,.bLfxHB:focus{color:inherit;background-color:transparent;}
data-styled.g45[id="hv9y8n-0"]{content:"bLfxHB,"}
.eetZxY{margin:0;}
data-styled.g48[id="sc-1s8gxvf-1"]{content:"eetZxY,"}
.cjQGNE{position:relative;background-color:#fff;}
@media (max-width:1023px){.cjQGNE{width:256px;height:100%;padding:16px 0;position:fixed;right:100%;top:0;bottom:0;z-index:1000;overflow-x:hidden;overflow-y:auto;-webkit-transform:translate3d(0,0,0);-ms-transform:translate3d(0,0,0);transform:translate3d(0,0,0);-webkit-transition:-webkit-transform 500ms ease 0s;-webkit-transition:transform 500ms ease 0s;transition:transform 500ms ease 0s;-webkit-overflow-scrolling:touch;}}
data-styled.g49[id="dud1gc-0"]{content:"cjQGNE,"}
@media (min-width:1024px){.gwgUpM{display:-webkit-box;display:-webkit-flex;display:-ms-flexbox;display:flex;-webkit-box-pack:center;-webkit-justify-content:center;-ms-flex-pack:center;justify-content:center;border-bottom:1px solid #c5c5c5;padding:8px 8px 0;}}
data-styled.g50[id="dud1gc-1"]{content:"gwgUpM,"}
.djwbsu{position:relative;display:none;margin-bottom:16px;}
@media (min-width:1024px){.djwbsu{display:block;margin-bottom:0;}.djwbsu:hover .sc-1s8gxvf-0{visibility:visible;}.djwbsu:focus-within .sc-1s8gxvf-0{visibility:visible;}}
data-styled.g51[id="dud1gc-2"]{content:"djwbsu,"}
.jWKqsm{position:relative;display:block;margin-bottom:16px;}
@media (min-width:1024px){.jWKqsm{display:block;margin-bottom:0;}.jWKqsm:hover .sc-1s8gxvf-0{visibility:visible;}.jWKqsm:focus-within .sc-1s8gxvf-0{visibility:visible;}}
@media (min-width:1024px){.jWKqsm{display:none;}}
data-styled.g52[id="dud1gc-3"]{content:"jWKqsm,"}
.fBYvTU{color:inherit;-webkit-appearance:none;-moz-appearance:none;appearance:none;background-color:transparent;font-size:inherit;font-family:inherit;border:0;padding:0;margin:0;cursor:pointer;-webkit-text-decoration:none;text-decoration:none;text-align:inherit;-webkit-text-decoration:none;text-decoration:none;font-size:18px;font-weight:600;padding:10px 0;margin:0 16px;color:#424046;display:-webkit-box;display:-webkit-flex;display:-ms-flexbox;display:flex;-webkit-align-items:center;-webkit-box-align:center;-ms-flex-align:center;align-items:center;border-bottom:1px solid #f7f7f7;}
.fBYvTU:hover,.fBYvTU:focus{color:inherit;background-color:transparent;}
.fBYvTU:hover{color:#000;}
@media (min-width:1024px){.fBYvTU{margin:0;padding:10px;border-bottom:0;}}
data-styled.g53[id="dud1gc-4"]{content:"fBYvTU,"}
.botTSL{display:none;}
@media (min-width:1024px){.botTSL{display:block;width:16px;height:16px;margin-left:4px;}}
data-styled.g54[id="dud1gc-5"]{content:"botTSL,"}
.cMakMc{position:fixed;top:0;left:0;bottom:0;right:0;width:100%;height:100%;border:0;margin:0;padding:0;background-color:rgba(0,0,0,0.4);z-index:999;display:none;}
@media (min-width:1024px){.cMakMc{display:none;}}
data-styled.g55[id="dud1gc-6"]{content:"cMakMc,"}
.hYryGH{display:block;visibility:hidden;opacity:0;-webkit-transition:visibility 0ms 300ms,height 0ms 300ms linear,opacity 100ms 100ms linear;transition:visibility 0ms 300ms,height 0ms 300ms linear,opacity 100ms 100ms linear;position:absolute;top:0;left:0;right:0;height:0;background-color:rgba(0,0,0,0.4);top:100%;z-index:50;}
@media (max-width:1023px){.hYryGH{display:none;}}
data-styled.g56[id="dud1gc-7"]{content:"hYryGH,"}
.dvVQWj{color:inherit;-webkit-appearance:none;-moz-appearance:none;appearance:none;background-color:transparent;font-size:inherit;font-family:inherit;border:0;padding:0;margin:0;cursor:pointer;-webkit-text-decoration:none;text-decoration:none;text-align:inherit;position:relative;display:block;padding:8px 16px;-webkit-text-decoration:none;text-decoration:none;color:#000;}
.dvVQWj:hover,.dvVQWj:focus{color:inherit;background-color:transparent;}
.dvVQWj a{color:#000;-webkit-text-decoration:none;text-decoration:none;}
.dvVQWj:hover{color:#000;background-color:#e6e6e6;}
data-styled.g57[id="znkww-0"]{content:"dvVQWj,"}
.dyITgN{padding:0 16px;margin-bottom:8px;}
@media (min-width:1024px){.dyITgN{display:none;}}
data-styled.g67[id="sdcd56-0"]{content:"dyITgN,"}
.AhDkY{color:inherit;-webkit-appearance:none;-moz-appearance:none;appearance:none;background-color:transparent;font-size:inherit;font-family:inherit;border:0;padding:0;margin:0;cursor:pointer;-webkit-text-decoration:none;text-decoration:none;text-align:inherit;position:relative;display:-webkit-box;display:-webkit-flex;display:-ms-flexbox;display:flex;-webkit-align-items:center;-webkit-box-align:center;-ms-flex-align:center;align-items:center;padding:8px 0;width:100%;}
.AhDkY:hover,.AhDkY:focus{color:inherit;background-color:transparent;}
data-styled.g69[id="sdcd56-2"]{content:"AhDkY,"}
.TLFVE{width:16px;height:16px;color:#424046;margin-right:8px;}
data-styled.g70[id="sdcd56-3"]{content:"TLFVE,"}
.gQXomB{width:72px;height:32px;}
@media (min-width:1024px){.gQXomB{width:120px;height:48px;}}
data-styled.g74[id="sc-1humg3d-0"]{content:"gQXomB,"}
.dbgACf{color:inherit;-webkit-appearance:none;-moz-appearance:none;appearance:none;background-color:transparent;font-size:inherit;font-family:inherit;border:0;padding:0;margin:0;cursor:pointer;-webkit-text-decoration:none;text-decoration:none;text-align:inherit;color:inherit;display:-webkit-box;display:-webkit-flex;display:-ms-flexbox;display:flex;-webkit-box-pack:center;-webkit-justify-content:center;-ms-flex-pack:center;justify-content:center;-webkit-align-items:center;-webkit-box-align:center;-ms-flex-align:center;align-items:center;height:34px;font-weight:700;}
.dbgACf:hover,.dbgACf:focus{color:inherit;background-color:transparent;}
data-styled.g80[id="sc-1szxhe9-0"]{content:"dbgACf,"}
.kgmiSd{position:relative;font-size:14px;font-weight:700;top:3px;margin-right:8px;background-color:rgba(0,0,0,0.4);color:#fff;border-radius:4px 4px 0 0;width:170px;color:#000;background-color:#fff;}
data-styled.g84[id="sc-1szxhe9-4"]{content:"kgmiSd,"}
.gQmmzW{display:-webkit-box;display:-webkit-flex;display:-ms-flexbox;display:flex;}
data-styled.g85[id="ex89rq-0"]{content:"gQmmzW,"}
.kPhtUu{color:inherit;-webkit-appearance:none;-moz-appearance:none;appearance:none;vertical-align:middle;display:-webkit-inline-box;display:-webkit-inline-flex;display:-ms-inline-flexbox;display:inline-flex;-webkit-align-items:center;-webkit-box-align:center;-ms-flex-align:center;align-items:center;-webkit-box-pack:center;-webkit-justify-content:center;-ms-flex-pack:center;justify-content:center;position:relative;cursor:pointer;padding:0;border:0;background:transparent;font-family:inherit;-webkit-text-decoration:none;text-decoration:none;margin:0;font-weight:700;font-size:14px;}
.kPhtUu:disabled{cursor:default;}
.kPhtUu:hover,.kPhtUu:focus{color:inherit;background-color:transparent;}
.kPhtUu .sc-1szxhe9-2{margin-left:4px;}
data-styled.g86[id="sc-8xausp-0"]{content:"kPhtUu,"}
.dNTTSV[type='text'],.dNTTSV[type='email'],.dNTTSV[type='password']{box-sizing:border-box;-webkit-appearance:none;-moz-appearance:none;appearance:none;border:0;box-shadow:none;color:inherit;display:block;font-size:16px;font-family:inherit;margin:0;padding:8px;-webkit-transition:border-color 0.15s linear,background 0.15s linear;transition:border-color 0.15s linear,background 0.15s linear;height:44px;background-color:#fff;}
.dNTTSV[type='text']:focus,.dNTTSV[type='email']:focus,.dNTTSV[type='password']:focus{outline:none;background-color:#fff;}
data-styled.g87[id="sc-128v9qu-0"]{content:"dNTTSV,"}
.jDJoFX{display:-webkit-inline-box;display:-webkit-inline-flex;display:-ms-inline-flexbox;display:inline-flex;-webkit-align-items:center;-webkit-box-align:center;-ms-flex-align:center;align-items:center;box-sizing:border-box;min-width:0;width:100%;border-radius:4px;border:1px solid #c5c5c5;background-color:#fff;}
.jDJoFX .sc-128v9qu-0{-webkit-flex:1;-ms-flex:1;flex:1;border-radius:4px;min-width:0;}
data-styled.g88[id="sc-1hmyecb-0"]{content:"jDJoFX,"}
.fcuLAG{-webkit-box-flex:1;-webkit-flex-grow:1;-ms-flex-positive:1;flex-grow:1;}
@media (min-width:768px){.fcuLAG{position:relative;}}
data-styled.g90[id="c2hyfo-0"]{content:"fcuLAG,"}
.pWdfv{color:inherit;-webkit-appearance:none;-moz-appearance:none;appearance:none;vertical-align:middle;display:-webkit-inline-box;display:-webkit-inline-flex;display:-ms-inline-flexbox;display:inline-flex;-webkit-align-items:center;-webkit-box-align:center;-ms-flex-align:center;align-items:center;-webkit-box-pack:center;-webkit-justify-content:center;-ms-flex-pack:center;justify-content:center;position:relative;cursor:pointer;padding:0;border:0;background:transparent;font-family:inherit;-webkit-text-decoration:none;text-decoration:none;margin:0;width:44px;height:44px;color:#424046;border-radius:0 4px 4px 0;}
.pWdfv:disabled{cursor:default;}
.pWdfv:hover,.pWdfv:focus{color:inherit;background-color:transparent;}
data-styled.g91[id="c2hyfo-1"]{content:"pWdfv,"}
.cZQgjN{position:relative;}
.cZQgjN .c2hyfo-1{background-color:#e8e8e8;}
data-styled.g92[id="c2hyfo-2"]{content:"cZQgjN,"}
.ivIxXu{color:inherit;-webkit-appearance:none;-moz-appearance:none;appearance:none;vertical-align:middle;display:-webkit-inline-box;display:-webkit-inline-flex;display:-ms-inline-flexbox;display:inline-flex;-webkit-align-items:center;-webkit-box-align:center;-ms-flex-align:center;align-items:center;-webkit-box-pack:center;-webkit-justify-content:center;-ms-flex-pack:center;justify-content:center;position:relative;cursor:pointer;padding:0;border:0;background:transparent;font-family:inherit;-webkit-text-decoration:none;text-decoration:none;margin:0;width:44px;height:44px;color:#424046;}
.ivIxXu:disabled{cursor:default;}
.ivIxXu:hover,.ivIxXu:focus{color:inherit;background-color:transparent;}
data-styled.g93[id="c2hyfo-3"]{content:"ivIxXu,"}
.kzczJr{color:inherit;-webkit-appearance:none;-moz-appearance:none;appearance:none;vertical-align:middle;display:-webkit-inline-box;display:-webkit-inline-flex;display:-ms-inline-flexbox;display:inline-flex;-webkit-align-items:center;-webkit-box-align:center;-ms-flex-align:center;align-items:center;-webkit-box-pack:center;-webkit-justify-content:center;-ms-flex-pack:center;justify-content:center;position:relative;cursor:pointer;padding:0;border:0;background:transparent;font-family:inherit;-webkit-text-decoration:none;text-decoration:none;margin:0;width:24px;height:24px;margin:0 8px 0 0;}
.kzczJr:disabled{cursor:default;}
.kzczJr:hover,.kzczJr:focus{color:inherit;background-color:transparent;}
@media (min-width:1024px){.kzczJr{display:none;}}
data-styled.g118[id="gknyzs-0"]{content:"kzczJr,"}
.bWXoQs{display:-webkit-box;display:-webkit-flex;display:-ms-flexbox;display:flex;width:20px;height:24px;}
data-styled.g119[id="gknyzs-1"]{content:"bWXoQs,"}
.hYHwbQ{margin:0 8px;min-width:0;}
@media (min-width:1024px){.hYHwbQ{-webkit-flex:1;-ms-flex:1;flex:1;margin:0 4px;}}
@media (min-width:1440px){.hYHwbQ{-webkit-flex:0 0 auto;-ms-flex:0 0 auto;flex:0 0 auto;}}
data-styled.g120[id="h4ffm2-0"]{content:"hYHwbQ,"}
.dzsjbM{color:inherit;-webkit-appearance:none;-moz-appearance:none;appearance:none;vertical-align:middle;display:-webkit-inline-box;display:-webkit-inline-flex;display:-ms-inline-flexbox;display:inline-flex;-webkit-align-items:center;-webkit-box-align:center;-ms-flex-align:center;align-items:center;-webkit-box-pack:center;-webkit-justify-content:center;-ms-flex-pack:center;justify-content:center;position:relative;cursor:pointer;padding:0;border:0;background:transparent;font-family:inherit;-webkit-text-decoration:none;text-decoration:none;margin:0;border-radius:4px;border:1px solid transparent;padding:8px 16px;font-family:'Open Sans',-apple-system,BlinkMacSystemFont,Helvetica,Arial,sans-serif;font-size:14px;font-weight:600;line-height:1.5;-webkit-transition:background-color 250ms ease-in-out;transition:background-color 250ms ease-in-out;border-color:#c5c5c5;color:black;display:block;text-align:left;width:100%;padding:11px 40px 11px 52px;-webkit-box-pack:start;-webkit-justify-content:start;-ms-flex-pack:start;justify-content:start;font-size:14px;font-weight:400;overflow:hidden;}
.dzsjbM:disabled{cursor:default;}
.dzsjbM:hover,.dzsjbM:focus{color:inherit;background-color:transparent;}
.dzsjbM:disabled,.dzsjbM:disabled:hover{color:#6b6b6b;border-color:#ececec;}
.dzsjbM:hover,.dzsjbM:focus{background-color:#e8e8e8;}
.dzsjbM strong{font-weight:700;}
.dzsjbM .j2mcac-0{overflow:hidden;text-overflow:ellipsis;}
@media (min-width:768px){.dzsjbM{height:46px;white-space:nowrap;}}
data-styled.g121[id="h4ffm2-1"]{content:"dzsjbM,"}
.cAHkoX{width:14px;height:14px;margin-left:4px;position:absolute;top:50%;right:15px;margin-top:-7px;}
data-styled.g122[id="h4ffm2-2"]{content:"cAHkoX,"}
.hHXmhc{position:absolute;top:50%;left:10px;margin-top:-16px;-webkit-flex-shrink:0;-ms-flex-negative:0;flex-shrink:0;margin-right:8px;height:32px;width:32px;}
data-styled.g123[id="h4ffm2-3"]{content:"hHXmhc,"}
.cYUmtr{padding:8px 0;}
@media (min-width:1024px){.cYUmtr{display:-webkit-box;display:-webkit-flex;display:-ms-flexbox;display:flex;-webkit-align-items:center;-webkit-box-align:center;-ms-flex-align:center;align-items:center;padding:24px 24px 0 24px;}}
data-styled.g125[id="sc-14mtoz9-0"]{content:"cYUmtr,"}
.bpmQWq{display:-webkit-box;display:-webkit-flex;display:-ms-flexbox;display:flex;-webkit-align-items:center;-webkit-box-align:center;-ms-flex-align:center;align-items:center;padding:0 8px;}
@media (min-width:1024px){.bpmQWq{padding:0;}}
.bpmQWq .sc-8xausp-0{margin-left:auto;}
@media (min-width:1024px){.bpmQWq .sc-8xausp-0{display:none;}}
data-styled.g126[id="sc-14mtoz9-1"]{content:"bpmQWq,"}
.htZOUv{display:-webkit-box;display:-webkit-flex;display:-ms-flexbox;display:flex;-webkit-flex-wrap:wrap;-ms-flex-wrap:wrap;flex-wrap:wrap;padding:8px;position:relative;}
@media (min-width:768px){.htZOUv{-webkit-flex-wrap:nowrap;-ms-flex-wrap:nowrap;flex-wrap:nowrap;}}
@media (min-width:1024px){.htZOUv{padding:0;}}
data-styled.g127[id="sc-14mtoz9-2"]{content:"htZOUv,"}
.gxTRcn{-webkit-flex:1;-ms-flex:1;flex:1;}
data-styled.g128[id="sc-14mtoz9-3"]{content:"gxTRcn,"}
.gXZbMp{-webkit-flex:1;-ms-flex:1;flex:1;display:-webkit-box;display:-webkit-flex;display:-ms-flexbox;display:flex;margin:0 4px 0 0;}
@media (min-width:768px){.gXZbMp{min-width:240px;}}
@media (min-width:1024px){.gXZbMp{margin:0 4px 0 8px;}}
data-styled.g129[id="sc-14mtoz9-4"]{content:"gXZbMp,"}
.brhTLi{color:inherit;-webkit-appearance:none;-moz-appearance:none;appearance:none;vertical-align:middle;display:-webkit-inline-box;display:-webkit-inline-flex;display:-ms-inline-flexbox;display:inline-flex;-webkit-align-items:center;-webkit-box-align:center;-ms-flex-align:center;align-items:center;-webkit-box-pack:center;-webkit-justify-content:center;-ms-flex-pack:center;justify-content:center;position:relative;cursor:pointer;padding:0;border:0;background:transparent;font-family:inherit;-webkit-text-decoration:none;text-decoration:none;margin:0;border-radius:4px;border:1px solid transparent;padding:8px 16px;font-family:'Open Sans',-apple-system,BlinkMacSystemFont,Helvetica,Arial,sans-serif;font-size:14px;font-weight:600;line-height:1.5;-webkit-transition:background-color 250ms ease-in-out;transition:background-color 250ms ease-in-out;background-color:#dc2a27;color:#fff;margin-left:4px;-webkit-flex-shrink:0;-ms-flex-negative:0;flex-shrink:0;}
.brhTLi:disabled{cursor:default;}
.brhTLi:hover,.brhTLi:focus{color:inherit;background-color:transparent;}
.brhTLi:disabled,.brhTLi:disabled:hover{color:#6b6b6b;border-color:#ececec;background-color:#ececec;}
.brhTLi:hover,.brhTLi:focus{color:#fff;background-color:#b31f1d;}
@media (max-width:1023px){.brhTLi{background-color:transparent;border-color:#c5c5c5;color:#424046;}.brhTLi:hover{color:#424046;background-color:transparent;}}
data-styled.g132[id="sc-14mtoz9-7"]{content:"brhTLi,"}
.jouuhg{display:none;}
@media (min-width:1024px){.jouuhg{text-align:center;display:block;min-width:60px;margin-left:4px;}}
data-styled.g134[id="sc-14mtoz9-9"]{content:"jouuhg,"}
.ffJqlt{margin:0;}
data-styled.g135[id="sc-14mtoz9-10"]{content:"ffJqlt,"}
@media (min-width:768px){.hRNWos{display:none;}}
data-styled.g136[id="sc-14mtoz9-11"]{content:"hRNWos,"}
.fJgPeR{display:none;}
@media (min-width:768px){.fJgPeR{display:inherit;}}
data-styled.g137[id="sc-14mtoz9-12"]{content:"fJgPeR,"}
.egPQry{display:-webkit-box;display:-webkit-flex;display:-ms-flexbox;display:flex;color:#fff;font-size:14px;list-style-type:none;}
data-styled.g142[id="w66jym-0"]{content:"egPQry,"}
.jUOvAf{color:inherit;-webkit-appearance:none;-moz-appearance:none;appearance:none;background-color:transparent;font-size:inherit;font-family:inherit;border:0;padding:0;margin:0;cursor:pointer;-webkit-text-decoration:none;text-decoration:none;text-align:inherit;-webkit-text-decoration:none;text-decoration:none;white-space:nowrap;}
.jUOvAf:hover,.jUOvAf:focus{color:inherit;background-color:transparent;}
data-styled.g143[id="w66jym-1"]{content:"jUOvAf,"}
.dYbCgW{margin-right:16px;}
data-styled.g144[id="w66jym-2"]{content:"dYbCgW,"}
.da-Dhgh{position:relative;background-color:#fff;z-index:1000;}
data-styled.g168[id="sc-1irsz5q-0"]{content:"da-Dhgh,"}
.kgkimG{display:none;}
@media (min-width:1024px){.kgkimG{height:40px;display:-webkit-box;display:-webkit-flex;display:-ms-flexbox;display:flex;-webkit-box-pack:justify;-webkit-justify-content:space-between;-ms-flex-pack:justify;justify-content:space-between;-webkit-align-items:center;-webkit-box-align:center;-ms-flex-align:center;align-items:center;padding:0 24px;background:linear-gradient(180deg,#dc291e 70%,#a81f18 100%);}}
data-styled.g169[id="sc-1irsz5q-1"]{content:"kgkimG,"}
.hPFZse{display:block;visibility:hidden;opacity:0;-webkit-transition:visibility 0ms 300ms,height 0ms 300ms linear,opacity 100ms 100ms linear;transition:visibility 0ms 300ms,height 0ms 300ms linear,opacity 100ms 100ms linear;position:absolute;top:0;left:0;right:0;height:0;background-color:rgba(0,0,0,0.4);z-index:900;}
data-styled.g170[id="sc-1irsz5q-2"]{content:"hPFZse,"}
.dFAMfT{margin-left:auto;margin-right:auto;max-width:1000px;padding:0 16px;}
data-styled.g171[id="q7qr1a-0"]{content:"dFAMfT,"}
.hAXTIP{padding:0 8px;width:100%;-webkit-flex:0 0 100%;-ms-flex:0 0 100%;flex:0 0 100%;max-width:100%;}
@media (min-width:0px){.hAXTIP{-webkit-flex:1 1 50%;-ms-flex:1 1 50%;flex:1 1 50%;max-width:50%;}}
@media (min-width:768px){.hAXTIP{-webkit-flex:1 1 25%;-ms-flex:1 1 25%;flex:1 1 25%;max-width:25%;}}
.gaweCj{padding:0 8px;width:100%;-webkit-flex:0 0 100%;-ms-flex:0 0 100%;flex:0 0 100%;max-width:100%;}
@media (min-width:0px){.gaweCj{-webkit-flex:1 1 100%;-ms-flex:1 1 100%;flex:1 1 100%;max-width:100%;}}
@media (min-width:768px){.gaweCj{-webkit-flex:1 1 25%;-ms-flex:1 1 25%;flex:1 1 25%;max-width:25%;}}
.dYCUXH{padding:0 8px;width:100%;-webkit-flex:0 0 100%;-ms-flex:0 0 100%;flex:0 0 100%;max-width:100%;}
@media (min-width:0px){.dYCUXH{-webkit-flex:1 1 50%;-ms-flex:1 1 50%;flex:1 1 50%;max-width:50%;}}
@media (min-width:768px){.dYCUXH{-webkit-flex:1 1 100%;-ms-flex:1 1 100%;flex:1 1 100%;max-width:100%;}}
.iwvoMB{padding:0 8px;width:100%;-webkit-flex:0 0 100%;-ms-flex:0 0 100%;flex:0 0 100%;max-width:100%;}
@media (min-width:768px){.iwvoMB{-webkit-flex:1 1 25%;-ms-flex:1 1 25%;flex:1 1 25%;max-width:25%;}}
data-styled.g172[id="sc-16zy0t4-0"]{content:"hAXTIP,gaweCj,dYCUXH,iwvoMB,"}
.gNVGkJ{margin:0 -8px;display:-webkit-box;display:-webkit-flex;display:-ms-flexbox;display:flex;-webkit-flex-wrap:wrap;-ms-flex-wrap:wrap;flex-wrap:wrap;-webkit-box-flex:0;-webkit-flex-grow:0;-ms-flex-positive:0;flex-grow:0;-webkit-flex-shrink:0;-ms-flex-negative:0;flex-shrink:0;-webkit-align-items:normal;-webkit-box-align:normal;-ms-flex-align:normal;align-items:normal;-webkit-flex-direction:row;-ms-flex-direction:row;flex-direction:row;box-sizing:border-box;}
data-styled.g173[id="sc-1n4xlbb-0"]{content:"gNVGkJ,"}
.jObiyJ{color:#fff;font-size:18px;font-weight:700;margin-bottom:16px;}
data-styled.g174[id="vg2yci-0"]{content:"jObiyJ,"}
.igArjc{margin-bottom:32px;font-size:14px;line-height:1.8;}
data-styled.g175[id="vg2yci-1"]{content:"igArjc,"}
.bvplLw{color:inherit;-webkit-appearance:none;-moz-appearance:none;appearance:none;background-color:transparent;font-size:inherit;font-family:inherit;border:0;padding:0;margin:0;cursor:pointer;-webkit-text-decoration:none;text-decoration:none;text-align:inherit;color:#fff;}
.bvplLw:hover,.bvplLw:focus{color:inherit;background-color:transparent;}
.bvplLw:hover{color:inherit;}
data-styled.g176[id="vg2yci-2"]{content:"bvplLw,"}
.ifyRMj{display:-webkit-box;display:-webkit-flex;display:-ms-flexbox;display:flex;-webkit-box-pack:justify;-webkit-justify-content:space-between;-ms-flex-pack:justify;justify-content:space-between;max-width:180px;margin:0 auto;}
.ifyRMj svg{width:30px;height:30px;opacity:0.7;-webkit-transition:opacity 150ms;transition:opacity 150ms;}
.ifyRMj svg:hover{opacity:1;}
data-styled.g177[id="dzpyub-0"]{content:"ifyRMj,"}
.hmKySJ{color:inherit;-webkit-appearance:none;-moz-appearance:none;appearance:none;background-color:transparent;font-size:inherit;font-family:inherit;border:0;padding:0;margin:0;cursor:pointer;-webkit-text-decoration:none;text-decoration:none;text-align:inherit;color:#fff;}
.hmKySJ:hover,.hmKySJ:focus{color:inherit;background-color:transparent;}
data-styled.g178[id="dzpyub-1"]{content:"hmKySJ,"}
.bBGLTr{display:block;margin:16px auto;}
data-styled.g179[id="h2tu87-0"]{content:"bBGLTr,"}
.XcWgi{color:inherit;-webkit-appearance:none;-moz-appearance:none;appearance:none;background-color:transparent;font-size:inherit;font-family:inherit;border:0;padding:0;margin:0;cursor:pointer;-webkit-text-decoration:none;text-decoration:none;text-align:inherit;}
.XcWgi:hover,.XcWgi:focus{color:inherit;background-color:transparent;}
.XcWgi::after{display:inline-block;content:'|';margin:0 4px;}
.XcWgi:last-child::after{content:'';}
data-styled.g180[id="sc-7azpjh-0"]{content:"XcWgi,"}
.exavSI{background-color:#424046;color:#fff;padding:64px 0 32px;}
data-styled.g181[id="pwq9ot-0"]{content:"exavSI,"}
.kKkwxC{display:block;margin:16px auto;}
data-styled.g182[id="pwq9ot-1"]{content:"kKkwxC,"}
.kTOyWh{margin-top:32px;text-align:center;}
data-styled.g183[id="pwq9ot-2"]{content:"kTOyWh,"}
</style><link rel="preload" href="./heb_lettuce_search_files/ReduxHeader.42f5c955618df83b32bb.js.download" as="script"><link rel="preload" href="./heb_lettuce_search_files/vendors_Header_ManageCreditCardsPage.76783d61c536e060c83f.js.download" as="script"><link rel="preload" href="./heb_lettuce_search_files/vendors_Header.686f973c7312f104a45c.js.download" as="script"><link rel="preload" href="./heb_lettuce_search_files/Header.5a2335df2c42add65ac2.js.download" as="script"><link rel="preload" href="./heb_lettuce_search_files/Footer.b1d158866d04c150521a.js.download" as="script"><link rel="preload" href="./heb_lettuce_search_files/runtime_main.b33ebdaf1e1452c96261.js.download" as="script"><link rel="preload" href="./heb_lettuce_search_files/main.f0c4e2c96678aeb02094.js.download" as="script"><script type="text/javascript" charset="UTF-8" src="./heb_lettuce_search_files/common.js.download"></script><script type="text/javascript" charset="UTF-8" src="./heb_lettuce_search_files/util.js.download"></script></head>

        <body data-page-id="cat" data-page-path="/search/?q=Lettuce&amp;Ntt=Lettuce" class="responsive search-result-page responsive" data-experience="csp">
		<!-- Google Tag Manager (noscript) -->
	<noscript><iframe src="https://www.googletagmanager.com/ns.html?id=GTM-MV693B9"
	height="0" width="0" style="display:none;visibility:hidden"></iframe></noscript>
	<!-- End Google Tag Manager (noscript) -->

<div class="row foundation-dropdown-workaround"></div>
	<input type="hidden" id="sessionZipCode" value="71101">
		<iframe height="0" width="0" style="display: none; visibility: hidden;" src="./heb_lettuce_search_files/activityi.html"></iframe><div id="wrapper">
			<div class="off-canvas-wrap" data-offcanvas="">
				<div class="inner-wrap">
					<a class="textBrowserOnly" href="file:///C:/Users/Christopher/flask-tutorial/heb_lettuce_search.html#productResults">Skip to Search Results</a>

	<div class="site-header__banner-ad">
					<div class="site-header__banner-ad-content">
						<a href="file:///C:/Users/Christopher/flask-tutorial/heb_lettuce_search.html#" class="site-header__banner-ad-close" aria-label="Close banner ad"><i class="fa fa-times" aria-hidden="true"></i></a>
						<a href="https://favordelivery.com/donate/BeTheChangeFund?int=curbside-home-sticky-be-the-change-fund" target="_blank" class="desktop" data-gtm-vis-first-on-screen-8857370_80="272" data-gtm-vis-total-visible-time-8857370_80="100" data-gtm-vis-has-fired-8857370_80="1"> 
<img src="./heb_lettuce_search_files/be-the-change-sticky-desktop.jpg" alt="Donate to the Be The Change Fund"></a> 
<a href="https://favordelivery.com/donate/BeTheChangeFund?int=curbside-home-sticky-be-the-change-fund" target="_blank" class="mobile" data-gtm-vis-first-on-screen-8857370_80="278" data-gtm-vis-total-visible-time-8857370_80="100" data-gtm-vis-has-fired-8857370_80="1"> 
<img src="./heb_lettuce_search_files/be-the-change-sticky-mobile.jpg" alt="Donate to the Be The Change Fund"></a></div>
				</div>

				<script>
					var isBannerClosed = sessionStorage.getItem('banner-ad-closed');
					if (isBannerClosed) {
						$('.site-header__banner-ad').hide();
					}
				</script>
			<div id="header">
		<div data-heb-key="Header" data-heb-id="f1a934f4-8741-4135-ae1a-4a273e1060f1"><div class="sc-116gkg0-0 sc-1irsz5q-2 hPFZse"></div><header data-testid="react_header" class="sc-1irsz5q-0 da-Dhgh"><nav class="sc-1irsz5q-1 kgkimG"><div class="ex89rq-0 gQmmzW"><div class="sc-1szxhe9-4 kgmiSd"><a href="file:///C:/?context=curbside&amp;exp=cspview&amp;hebtoyou_fulfillment=pickup" class="hv9y8n-0 sc-1szxhe9-0 dbgACf">Curbside &amp; Delivery</a></div></div><ul class="w66jym-0 egPQry"><li class="w66jym-2 dYbCgW"><a href="file:///C:/my-account/login" class="hv9y8n-0 bLfxHB">Log in</a><span> or </span><a href="file:///C:/my-account/user-register" class="hv9y8n-0 bLfxHB">Register</a></li><li class="w66jym-2 dYbCgW"><a href="file:///C:/my-list/shopping-list" class="hv9y8n-0 w66jym-1 jUOvAf">Lists</a></li><li class="w66jym-2 dYbCgW"><a href="file:///C:/static-pages/faq" class="hv9y8n-0 bLfxHB" aria-haspopup="true" aria-expanded="false">Help</a></li></ul></nav><div class="sc-14mtoz9-0 cYUmtr"><div class="sc-14mtoz9-1 bpmQWq"><button class="yuevr1-0 gknyzs-0 kzczJr" type="button" aria-label="Open the menu"><span class="j2mcac-0 bFsLbF"><svg viewBox="0 0 448 512" class="gknyzs-1 bWXoQs"><path d="M16 132h416c8.837 0 16-7.163 16-16V76c0-8.837-7.163-16-16-16H16C7.163 60 0 67.163 0 76v40c0 8.837 7.163 16 16 16zm0 160h416c8.837 0 16-7.163 16-16v-40c0-8.837-7.163-16-16-16H16c-8.837 0-16 7.163-16 16v40c0 8.837 7.163 16 16 16zm0 160h416c8.837 0 16-7.163 16-16v-40c0-8.837-7.163-16-16-16H16c-8.837 0-16 7.163-16 16v40c0 8.837 7.163 16 16 16z"></path></svg></span></button><a href="file:///C:/" class="hv9y8n-0 bLfxHB" aria-label="HEB.com"><svg width="192" height="66" viewBox="0 0 192 66" fill="none" class="sc-1humg3d-0 gQXomB"><path fill-rule="evenodd" clip-rule="evenodd" d="M191 59.798c0 1.738-1.38 3.01-2.99 3.01-1.63 0-3.01-1.272-3.01-3.01 0-1.739 1.38-2.99 3.01-2.99 1.61 0 2.99 1.251 2.99 2.99zm-2.969-2.48c-1.359 0-2.425 1.06-2.425 2.48 0 1.441 1.066 2.502 2.425 2.502 1.338 0 2.384-1.06 2.384-2.502 0-1.42-1.046-2.48-2.384-2.48zm-.648 2.734h.586l.899 1.484h.585l-.983-1.526c.502-.064.878-.34.878-.954 0-.679-.397-.997-1.212-.997h-1.296v3.456h.522v-1.463h.021zm0-1.547v1.08h.627c.439 0 .837-.042.837-.572 0-.424-.398-.508-.753-.508h-.711zM159.423 0H32.577c-8.714 0-16.858 3.428-23.02 9.623C3.398 15.82 0 24.101 0 32.873c0 8.77 3.397 17.032 9.537 23.248 6.182 6.196 14.326 9.623 23.04 9.602h126.846c8.714 0 16.858-3.406 22.998-9.623 6.182-6.217 9.558-14.477 9.558-23.228C192 14.732 177.4 0 159.423 0z" fill="#EE3124"></path><path fill-rule="evenodd" clip-rule="evenodd" d="M159.444 61.614c15.74 0 28.505-12.88 28.505-28.763 0-15.883-12.786-28.785-28.505-28.763l-126.846.021c-15.761 0-28.526 12.902-28.526 28.763 0 15.904 12.807 28.764 28.526 28.742h126.846z" fill="#fff"></path><path fill-rule="evenodd" clip-rule="evenodd" d="M159.444 58.783c14.2 0 25.72-11.582 25.72-25.91 0-14.33-11.52-25.954-25.72-25.954l-126.846.043c-14.22 0-25.72 11.625-25.699 25.932 0 14.328 11.5 25.974 25.699 25.953l126.846-.064z" fill="#EE3124"></path><path fill-rule="evenodd" clip-rule="evenodd" d="M158.136 18.523h-26.69l1.688 28.678h23.251c6.942 0 8.693-3.322 9.178-6.004.485-2.513.76-6.323-4.41-6.856 4.03-.894 6.035-3.406 6.119-7.92.042-2.874-1.561-7.941-9.136-7.898zm-4.367 10.113c.063-1.96-2.237-2.79-4.241-2.79h-4.346l-.106 5.77h4.072c2.49 0 4.452-.617 4.621-2.98zm-5.91 13.372c2.008.016 4.598.036 4.834-2.578.232-2.32-1.857-2.725-3.777-2.747h-3.924l-.085 5.323h2.511l.441.002zm-99.901-4.856l.169 10.091 11.688-.021 1.688-28.7H47.641l.19 12.839h-8.27l.168-12.838H25.89l1.73 28.72h11.667l.148-10.091h8.524zm26.205.106v-5.79l-8.377.02v5.77h8.377zm52.409-5.79l.043 5.79h-8.44l.021-5.79h8.376zm-18.989-.107H92.624l.064-5.004h20.866l.549-7.834h-35.13L80.155 47.2h32.408l.443-5.387H92.434l.085-4.662h14.853l.211-5.791z" fill="#fff"></path></svg></a><span class="yuevr1-0 sc-8xausp-0 kPhtUu">Curbside &amp; Delivery</span></div><div class="h4ffm2-0 hYHwbQ sc-14mtoz9-11 hRNWos"><button class="yuevr1-0 h4ffm2-1 dzsjbM" type="button" color="default" variant="outline"><span class="j2mcac-0 bFsLbF"><svg width="48" height="48" viewBox="0 0 48 48" fill="none" class="h4ffm2-3 hHXmhc"><path fill-rule="evenodd" clip-rule="evenodd" d="M24 48c13.255 0 24-10.745 24-24S37.255 0 24 0 0 10.745 0 24s10.745 24 24 24z" fill="#009FCE"></path><mask id="curbside_svg__a" maskUnits="userSpaceOnUse" x="0" y="0" width="48" height="48"><path fill-rule="evenodd" clip-rule="evenodd" d="M24 48c13.255 0 24-10.745 24-24S37.255 0 24 0 0 10.745 0 24s10.745 24 24 24z" fill="#fff"></path></mask><g mask="url(#curbside_svg__a)"><path fill-rule="evenodd" clip-rule="evenodd" d="M.949 31.123C5.846 31.02 40.8 31.2 40.8 31.2l2.4-2.4s2.226.045 4.385.013c-.308 3.508-6.023 18.686-22.927 19.18-15.004.144-21.395-10.292-23.71-16.87z" fill="#DC291E"></path><path d="M48 29.89v-2.18h-5.252l-2.4 2.4H0v2.18h41.252l2.4-2.4H48z" fill="#fff"></path><path fill-rule="evenodd" clip-rule="evenodd" d="M11.273 26.636v5.091h5.09v-5.09h15.273v5.09h5.091v-5.09h1.455a1.09 1.09 0 001.09-1.091v-8a1.09 1.09 0 00-1.09-1.091h-1.455l-2.32-8.118a1.09 1.09 0 00-1.048-.792H14.641a1.09 1.09 0 00-1.049.792l-2.32 8.118H9.819a1.09 1.09 0 00-1.09 1.09v8c0 .603.488 1.091 1.09 1.091h1.455zM31.954 10.8H16.046l-1.746 7h19.4l-1.746-7zM14.727 22.91a1.636 1.636 0 100-3.274 1.636 1.636 0 000 3.273zm20.182-1.637a1.636 1.636 0 11-3.273 0 1.636 1.636 0 013.273 0z" fill="#fff"></path></g></svg><span>Curbside<span> <!-- -->at <strong>Burleson H-E-B plus!</strong></span> <!-- -->– <strong>Reserve A Time Slot</strong> </span><svg width="1792" height="1792" viewBox="0 0 1792 1792" class="h4ffm2-2 cAHkoX"><path fill="currentColor" d="M1395 736q0 13-10 23l-466 466q-10 10-23 10t-23-10L407 759q-10-10-10-23t10-23l50-50q10-10 23-10t23 10l393 393 393-393q10-10 23-10t23 10l50 50q10 10 10 23z"></path></svg></span></button></div><div class="sc-14mtoz9-3 gxTRcn"><div class="sc-14mtoz9-2 htZOUv"><div class="sc-14mtoz9-4 gXZbMp"><form action="file:///C:/search/" class="c2hyfo-0 fcuLAG"><div class="sc-1hmyecb-0 jDJoFX c2hyfo-2 cZQgjN"><input type="text" autocomplete="off" class="sc-128v9qu-0 dNTTSV" name="q" required="" value="Lettuce" placeholder="Search" aria-label="Search H E B.com" aria-autocomplete="list" aria-controls="suggestions" aria-owns="suggestions" aria-expanded="false" maxlength="500" autocorrect="off" autocapitalize="off"><button class="yuevr1-0 c2hyfo-3 ivIxXu" type="button" aria-label="Reset"><span class="j2mcac-0 bFsLbF"><svg width="16" height="16" viewBox="0 0 16 16" fill="none"><path fill-rule="evenodd" clip-rule="evenodd" d="M8 7.151l4.976-4.975a.6.6 0 01.848.848L8.85 8l4.975 4.976a.6.6 0 01-.848.848L8 8.85l-4.976 4.975a.6.6 0 11-.848-.848L7.15 8 2.176 3.024a.6.6 0 11.848-.848L8 7.15z" fill="currentColor"></path></svg></span></button><button class="yuevr1-0 c2hyfo-1 pWdfv" type="submit" aria-label="Search"><span class="j2mcac-0 bFsLbF"><svg width="14" height="14"><path fill-rule="evenodd" clip-rule="evenodd" d="M8.937 9.88a5.333 5.333 0 11.943-.943l3.591 3.592a.667.667 0 11-.942.942L8.937 9.88zm-3.27-.213a4 4 0 100-8 4 4 0 000 8z" fill="currentColor"></path></svg></span></button></div></form></div><div class="h4ffm2-0 hYHwbQ sc-14mtoz9-12 fJgPeR"><button class="yuevr1-0 h4ffm2-1 dzsjbM" type="button" color="default" variant="outline"><span class="j2mcac-0 bFsLbF"><svg width="48" height="48" viewBox="0 0 48 48" fill="none" class="h4ffm2-3 hHXmhc"><path fill-rule="evenodd" clip-rule="evenodd" d="M24 48c13.255 0 24-10.745 24-24S37.255 0 24 0 0 10.745 0 24s10.745 24 24 24z" fill="#009FCE"></path><mask id="curbside_svg__a" maskUnits="userSpaceOnUse" x="0" y="0" width="48" height="48"><path fill-rule="evenodd" clip-rule="evenodd" d="M24 48c13.255 0 24-10.745 24-24S37.255 0 24 0 0 10.745 0 24s10.745 24 24 24z" fill="#fff"></path></mask><g mask="url(#curbside_svg__a)"><path fill-rule="evenodd" clip-rule="evenodd" d="M.949 31.123C5.846 31.02 40.8 31.2 40.8 31.2l2.4-2.4s2.226.045 4.385.013c-.308 3.508-6.023 18.686-22.927 19.18-15.004.144-21.395-10.292-23.71-16.87z" fill="#DC291E"></path><path d="M48 29.89v-2.18h-5.252l-2.4 2.4H0v2.18h41.252l2.4-2.4H48z" fill="#fff"></path><path fill-rule="evenodd" clip-rule="evenodd" d="M11.273 26.636v5.091h5.09v-5.09h15.273v5.09h5.091v-5.09h1.455a1.09 1.09 0 001.09-1.091v-8a1.09 1.09 0 00-1.09-1.091h-1.455l-2.32-8.118a1.09 1.09 0 00-1.048-.792H14.641a1.09 1.09 0 00-1.049.792l-2.32 8.118H9.819a1.09 1.09 0 00-1.09 1.09v8c0 .603.488 1.091 1.09 1.091h1.455zM31.954 10.8H16.046l-1.746 7h19.4l-1.746-7zM14.727 22.91a1.636 1.636 0 100-3.274 1.636 1.636 0 000 3.273zm20.182-1.637a1.636 1.636 0 11-3.273 0 1.636 1.636 0 013.273 0z" fill="#fff"></path></g></svg><span>Curbside<span> <!-- -->at <strong>Burleson H-E-B plus!</strong></span> <!-- -->– <strong>Reserve A Time Slot</strong> </span><svg width="1792" height="1792" viewBox="0 0 1792 1792" class="h4ffm2-2 cAHkoX"><path fill="currentColor" d="M1395 736q0 13-10 23l-466 466q-10 10-23 10t-23-10L407 759q-10-10-10-23t10-23l50-50q10-10 23-10t23 10l393 393 393-393q10-10 23-10t23 10l50 50q10 10 10 23z"></path></svg></span></button></div><a class="yuevr1-0 sc-14mtoz9-7 brhTLi" href="file:///C:/cart/" type="button" color="primary" variant="default"><span class="j2mcac-0 bFsLbF"><svg width="1792" height="1792" viewBox="0 0 1792 1792" position="start" class="sc-14mtoz9-10 ffJqlt sc-1xf1ol-0 dSqvQO"><path fill="currentColor" d="M704 1536q0 52-38 90t-90 38-90-38-38-90 38-90 90-38 90 38 38 90zm896 0q0 52-38 90t-90 38-90-38-38-90 38-90 90-38 90 38 38 90zm128-1088v512q0 24-16.5 42.5T1671 1024L627 1146q13 60 13 70 0 16-24 64h920q26 0 45 19t19 45-19 45-45 19H512q-26 0-45-19t-19-45q0-11 8-31.5t16-36 21.5-40T509 1207L332 384H128q-26 0-45-19t-19-45 19-45 45-19h256q16 0 28.5 6.5T432 278t13 24.5 8 26 5.5 29.5 4.5 26h1201q26 0 45 19t19 45z"></path></svg><span class="sc-14mtoz9-9 jouuhg">$0.00</span></span></a></div></div></div><div class="dud1gc-6 cMakMc"></div><nav class="dud1gc-0 cjQGNE"><div class="sdcd56-0 dyITgN"><ul><li><span class="hv9y8n-0 sdcd56-2 AhDkY"><svg width="1792" height="1792" viewBox="0 0 1792 1792" class="sdcd56-3 TLFVE"><path fill="currentColor" d="M1312 896q0 26-19 45l-544 544q-19 19-45 19t-45-19-19-45v-288H192q-26 0-45-19t-19-45V704q0-26 19-45t45-19h448V352q0-26 19-45t45-19 45 19l544 544q19 19 19 45zm352-352v704q0 119-84.5 203.5T1376 1536h-320q-13 0-22.5-9.5t-9.5-22.5q0-4-1-20t-.5-26.5 3-23.5 10-19.5 20.5-6.5h320q66 0 113-47t47-113V544q0-66-47-113t-113-47h-312l-11.5-1-11.5-3-8-5.5-7-9-2-13.5q0-4-1-20t-.5-26.5 3-23.5 10-19.5 20.5-6.5h320q119 0 203.5 84.5T1664 544z"></path></svg><span><a href="file:///C:/my-account/login" class="hv9y8n-0 bLfxHB">Log in</a> <!-- -->or<!-- --> <a href="file:///C:/my-account/user-register" class="hv9y8n-0 bLfxHB">Register</a></span></span></li><li><a href="file:///C:/static-pages/faq" class="hv9y8n-0 sdcd56-2 AhDkY"><svg width="1792" height="1792" viewBox="0 0 1792 1792" class="sdcd56-3 TLFVE"><path d="M1024 1376v-192q0-14-9-23t-23-9H800q-14 0-23 9t-9 23v192q0 14 9 23t23 9h192q14 0 23-9t9-23zm256-672q0-88-55.5-163T1086 425t-170-41q-243 0-371 213-15 24 8 42l132 100q7 6 19 6 16 0 25-12 53-68 86-92 34-24 86-24 48 0 85.5 26t37.5 59q0 38-20 61t-68 45q-63 28-115.5 86.5T768 1020v36q0 14 9 23t23 9h192q14 0 23-9t9-23q0-19 21.5-49.5T1100 957q32-18 49-28.5t46-35 44.5-48 28-60.5 12.5-81zm384 192q0 209-103 385.5T1281.5 1561 896 1664t-385.5-103T231 1281.5 128 896t103-385.5T510.5 231 896 128t385.5 103T1561 510.5 1664 896z" fill="currentColor"></path></svg>Help &amp; FAQs</a></li><li><a href="file:///C:/digital-coupon/coupon-selection" class="hv9y8n-0 sdcd56-2 AhDkY"><svg width="1792" height="1792" viewBox="0 0 1792 1792" class="sdcd56-3 TLFVE"><path fill="currentColor" d="M1024 452l316 316-572 572-316-316zm-211 979l618-618q19-19 19-45t-19-45l-362-362q-18-18-45-18t-45 18L361 979q-19 19-19 45t19 45l362 362q18 18 45 18t45-18zm889-637l-907 908q-37 37-90.5 37t-90.5-37l-126-126q56-56 56-136t-56-136-136-56-136 56L91 1178q-37-37-37-90.5T91 997L998 91q37-37 90.5-37t90.5 37l125 125q-56 56-56 136t56 136 136 56 136-56l126 125q37 37 37 90.5t-37 90.5z"></path></svg>Coupons</a></li><li><a href="file:///C:/collections/weekly-ad?customFilters=onAdFilter" class="hv9y8n-0 sdcd56-2 AhDkY"><svg width="2048" height="1792" viewBox="0 0 2048 1792" class="sdcd56-3 TLFVE"><path fill="currentColor" d="M1024 512H640v384h384V512zm128 640v128H512v-128h640zm0-768v640H512V384h640zm640 768v128h-512v-128h512zm0-256v128h-512V896h512zm0-256v128h-512V640h512zm0-256v128h-512V384h512zM256 1344V384H128v960q0 26 19 45t45 19 45-19 19-45zm1664 0V256H384v1088q0 33-11 64h1483q26 0 45-19t19-45zm128-1216v1216q0 80-56 136t-136 56H192q-80 0-136-56T0 1344V256h256V128h1792z"></path></svg>Weekly Ad</a></li><li><a href="file:///C:/pharmacy/common/landing" class="hv9y8n-0 sdcd56-2 AhDkY"><svg width="1792" height="1792" viewBox="0 0 1792 1792" class="sdcd56-3 TLFVE"><path fill="currentColor" d="M576 1344q0 26-19 45t-45 19-45-19-19-45 19-45 45-19 45 19 19 45zm1024 61q0 121-73 190t-194 69H459q-121 0-194-69t-73-190q0-68 5.5-131t24-138 47.5-132.5 81-103T470 840q-22 52-22 120v203q-58 20-93 70t-35 111q0 80 56 136t136 56 136-56 56-136q0-61-35.5-111t-92.5-70V960q0-62 25-93 132 104 295 104t295-104q25 31 25 93v64q-106 0-181 75t-75 181v89q-32 29-32 71 0 40 28 68t68 28 68-28 28-68q0-42-32-71v-89q0-52 38-90t90-38 90 38 38 90v89q-32 29-32 71 0 40 28 68t68 28 68-28 28-68q0-42-32-71v-89q0-68-34.5-127.5T1344 1059q0-10 .5-42.5t0-48-2.5-41.5-7-47-13-40q68 15 120 60.5t81 103 47.5 132.5 24 138 5.5 131zm-320-893q0 159-112.5 271.5T896 896 624.5 783.5 512 512t112.5-271.5T896 128t271.5 112.5T1280 512z"></path></svg>Pharmacy</a></li><li><a href="file:///C:/recipe/landing" class="hv9y8n-0 sdcd56-2 AhDkY"><svg width="1792" height="1792" viewBox="0 0 1792 1792" class="sdcd56-3 TLFVE"><path fill="currentColor" d="M384 1184v64q0 13-9.5 22.5T352 1280h-64q-13 0-22.5-9.5T256 1248v-64q0-13 9.5-22.5t22.5-9.5h64q13 0 22.5 9.5t9.5 22.5zm0-256v64q0 13-9.5 22.5T352 1024h-64q-13 0-22.5-9.5T256 992v-64q0-13 9.5-22.5T288 896h64q13 0 22.5 9.5T384 928zm0-256v64q0 13-9.5 22.5T352 768h-64q-13 0-22.5-9.5T256 736v-64q0-13 9.5-22.5T288 640h64q13 0 22.5 9.5T384 672zm1152 512v64q0 13-9.5 22.5t-22.5 9.5H544q-13 0-22.5-9.5T512 1248v-64q0-13 9.5-22.5t22.5-9.5h960q13 0 22.5 9.5t9.5 22.5zm0-256v64q0 13-9.5 22.5t-22.5 9.5H544q-13 0-22.5-9.5T512 992v-64q0-13 9.5-22.5T544 896h960q13 0 22.5 9.5t9.5 22.5zm0-256v64q0 13-9.5 22.5T1504 768H544q-13 0-22.5-9.5T512 736v-64q0-13 9.5-22.5T544 640h960q13 0 22.5 9.5t9.5 22.5zm128 704V544q0-13-9.5-22.5T1632 512H160q-13 0-22.5 9.5T128 544v832q0 13 9.5 22.5t22.5 9.5h1472q13 0 22.5-9.5t9.5-22.5zm128-1088v1088q0 66-47 113t-113 47H160q-66 0-113-47T0 1376V288q0-66 47-113t113-47h1472q66 0 113 47t47 113z"></path></svg>Recipes</a></li></ul></div><ul class="dud1gc-1 gwgUpM"><li class="dud1gc-2 djwbsu"><a href="file:///C:/browse/shop" class="hv9y8n-0 dud1gc-4 fBYvTU">Shop<svg width="1792" height="1792" viewBox="0 0 1792 1792" class="dud1gc-5 botTSL"><path fill="currentColor" d="M1395 736q0 13-10 23l-466 466q-10 10-23 10t-23-10L407 759q-10-10-10-23t10-23l50-50q10-10 23-10t23 10l393 393 393-393q10-10 23-10t23 10l50 50q10 10 10 23z"></path></svg></a></li><li class="dud1gc-2 djwbsu"><a href="file:///C:/recipe/landing" class="hv9y8n-0 dud1gc-4 fBYvTU">Recipes</a></li><li class="dud1gc-2 djwbsu"><a href="file:///C:/collections/weekly-ad?customFilters=onAdFilter" class="hv9y8n-0 dud1gc-4 fBYvTU">Weekly ad</a></li><li class="dud1gc-2 djwbsu"><a href="file:///C:/digital-coupon/coupon-selection" class="hv9y8n-0 dud1gc-4 fBYvTU">Coupons</a></li><li class="dud1gc-2 djwbsu"><a href="file:///C:/pharmacy/common/landing" class="hv9y8n-0 dud1gc-4 fBYvTU">Pharmacy<svg width="1792" height="1792" viewBox="0 0 1792 1792" class="dud1gc-5 botTSL"><path fill="currentColor" d="M1395 736q0 13-10 23l-466 466q-10 10-23 10t-23-10L407 759q-10-10-10-23t10-23l50-50q10-10 23-10t23 10l393 393 393-393q10-10 23-10t23 10l50 50q10 10 10 23z"></path></svg></a></li><li class="dud1gc-2 dud1gc-3 jWKqsm"><span class="hv9y8n-0 dud1gc-4 fBYvTU">Help</span><ul class="sc-1s8gxvf-1 eetZxY"><li><a href="file:///C:/static-pages/faq" class="hv9y8n-0 znkww-0 dvVQWj">Help &amp; FAQs</a></li><li><a href="file:///C:/static-page/contact-us" class="hv9y8n-0 znkww-0 dvVQWj">Contact Us</a></li><li><a href="https://survey.medallia.com/?hebcom-web" class="hv9y8n-0 znkww-0 dvVQWj">Feedback</a></li></ul></li></ul><div class="sc-116gkg0-0 dud1gc-7 hYryGH"></div></nav></header></div>
<script type="application/json" data-heb-key="Header" data-heb-id="f1a934f4-8741-4135-ae1a-4a273e1060f1"><!--{"isSearchPage":false,"otherCartCommerceItemCount":0,"onlineContextEnabled":false,"searchTerm":"Lettuce","menuItems":[{"shortDisplayName":"Shop","displayName":"Shop","href":"/browse/shop","hasChildMenuItems":true},{"shortDisplayName":"Recipes","displayName":"Recipes","href":"/recipe/landing","hasChildMenuItems":false},{"shortDisplayName":"Weekly ad","displayName":"Weekly ad","href":"/collections/weekly-ad?customFilters=onAdFilter","hasChildMenuItems":false},{"shortDisplayName":"Coupons","displayName":"Coupons","href":"/digital-coupon/coupon-selection","hasChildMenuItems":false},{"shortDisplayName":"Pharmacy","displayName":"Pharmacy","href":"/pharmacy/common/landing","hasChildMenuItems":true}]}--></script></div>

	<bootstrap class="vue-instance-init">
								<reservation-modals></reservation-modals>
							</bootstrap>
							<script>
                window.__JSON_MENU__ = [{"displayName":"Shop","href":"/browse/shop","hasChildMenuItems":true,"subCategories":["",{"type":2,"catalog":[{"id":"490020","shortDisplayName":"Fruit &amp; Vegetables","displayName":"Fruit &amp; Vegetables","href":"/category/shop/fruit-vegetables/490020","subCategories":[{"id":"490082","href":"/category/shop/fruit-vegetables/fruit/490082","shortDisplayName":"Fruit","displayName":"Fruit"},{"id":"490083","href":"/category/shop/fruit-vegetables/vegetables/490083","shortDisplayName":"Vegetables","displayName":"Vegetables"}]},{"id":"490023","shortDisplayName":"Meat &amp; Seafood","displayName":"Meat &amp; Seafood","href":"/category/shop/meat-seafood/490023","subCategories":[{"id":"490110","href":"/category/shop/meat-seafood/meat/490110","shortDisplayName":"Meat","displayName":"Meat"},{"id":"490111","href":"/category/shop/meat-seafood/seafood/490023/490111","shortDisplayName":"Seafood","displayName":"Seafood"},{"id":"490112","href":"/category/shop/meat-seafood/tofu-meat-alternatives/490023/490112","shortDisplayName":"Tofu &amp; Meat Alternatives","displayName":"Tofu &amp; Meat Alternatives"}]},{"id":"490014","shortDisplayName":"Bakery &amp; Bread","displayName":"Bakery &amp; Bread","href":"/category/shop/bakery-bread/2863/490014","subCategories":[{"id":"490027","href":"/category/shop/bakery-bread/bread/490014/490027","shortDisplayName":"Bread","displayName":"Bread"},{"id":"490028","href":"/category/shop/bakery-bread/breading-crumbs/490014/490028","shortDisplayName":"Breading &amp; Crumbs","displayName":"Breading &amp; Crumbs"},{"id":"490030","href":"/category/shop/bakery-bread/cookies/490014/490030","shortDisplayName":"Cookies","displayName":"Cookies"},{"id":"490031","href":"/category/shop/bakery-bread/desserts-pastries/490014/490031","shortDisplayName":"Desserts &amp; Pastries","displayName":"Desserts &amp; Pastries"},{"id":"490032","href":"/category/shop/bakery-bread/tortillas/490014/490032","shortDisplayName":"Tortillas","displayName":"Tortillas"},{"id":"490029","href":"/category/shop/bakery-bread/cakes/490014/490029","shortDisplayName":"Cakes","displayName":"Cakes"}]},{"id":"490016","shortDisplayName":"Dairy &amp; Eggs","displayName":"Dairy &amp; Eggs","href":"/category/shop/dairy-eggs/490016","subCategories":[{"id":"490047","href":"/category/shop/dairy-eggs/biscuit-cookie-dough/490016/490047","shortDisplayName":"Biscuit &amp; Cookie Dough","displayName":"Biscuit &amp; Cookie Dough"},{"id":"490048","href":"/category/shop/dairy-eggs/butter-margarine/490016/490048","shortDisplayName":"Butter &amp; Margarine","displayName":"Butter &amp; Margarine"},{"id":"490049","href":"/category/shop/dairy-eggs/cheese/490016/490049","shortDisplayName":"Cheese","displayName":"Cheese"},{"id":"490050","href":"/category/shop/dairy-eggs/cottage-cheese/490016/490050","shortDisplayName":"Cottage Cheese","displayName":"Cottage Cheese"},{"id":"490051","href":"/category/shop/dairy-eggs/cream/490016/490051","shortDisplayName":"Cream","displayName":"Cream"},{"id":"490052","href":"/category/shop/dairy-eggs/eggs-egg-substitutes/490016/490052","shortDisplayName":"Eggs &amp; Egg Substitutes","displayName":"Eggs &amp; Egg Substitutes"},{"id":"490053","href":"/category/shop/dairy-eggs/milk/490016/490053","shortDisplayName":"Milk","displayName":"Milk"},{"id":"490054","href":"/category/shop/dairy-eggs/pudding-gelatin/490016/490054","shortDisplayName":"Pudding &amp; Gelatin","displayName":"Pudding &amp; Gelatin"},{"id":"490055","href":"/category/shop/dairy-eggs/sour-cream/490016/490055","shortDisplayName":"Sour Cream","displayName":"Sour Cream"},{"id":"490056","href":"/category/shop/dairy-eggs/yogurt/490016/490056","shortDisplayName":"Yogurt","displayName":"Yogurt"}]},{"id":"490017","shortDisplayName":"Deli &amp; Prepared Food","displayName":"Deli &amp; Prepared Food","href":"/category/shop/deli-prepared-food/490017","subCategories":[{"id":"490057","href":"/category/shop/deli-prepared-food/cheese/490017/490057","shortDisplayName":"Cheese","displayName":"Cheese"},{"id":"490058","href":"/category/shop/deli-prepared-food/dip/490017/490058","shortDisplayName":"Dip","displayName":"Dip"},{"id":"490059","href":"/category/shop/deli-prepared-food/meat/490017/490059","shortDisplayName":"Meat","displayName":"Meat"},{"id":"490061","href":"/category/shop/deli-prepared-food/ready-meals-snacks/490061","shortDisplayName":"Ready Meals &amp; Snacks","displayName":"Ready Meals &amp; Snacks"},{"id":"490060","href":"/category/shop/deli-prepared-food/party-trays/490017/490060","shortDisplayName":"Party Trays","displayName":"Party Trays"}]},{"id":"490024","shortDisplayName":"Pantry","displayName":"Pantry","href":"/category/shop/pantry/490024","subCategories":[{"id":"490113","href":"/category/shop/pantry/baking-ingredients/490113","shortDisplayName":"Baking Ingredients","displayName":"Baking Ingredients"},{"id":"490114","href":"/category/shop/pantry/broth-bouillon/490024/490114","shortDisplayName":"Broth &amp; Bouillon","displayName":"Broth &amp; Bouillon"},{"id":"490115","href":"/category/shop/pantry/canned-dried-food/490024/490115","shortDisplayName":"Canned &amp; Dried Food","displayName":"Canned &amp; Dried Food"},{"id":"490116","href":"/category/shop/pantry/cereal-breakfast/490024/490116","shortDisplayName":"Cereal &amp; Breakfast","displayName":"Cereal &amp; Breakfast"},{"id":"490117","href":"/category/shop/pantry/condiments/490024/490117","shortDisplayName":"Condiments","displayName":"Condiments"},{"id":"490118","href":"/category/shop/pantry/dressing-oil-vinegar/490024/490118","shortDisplayName":"Dressing, Oil &amp; Vinegar","displayName":"Dressing, Oil &amp; Vinegar"},{"id":"490119","href":"/category/shop/pantry/jelly-jam/490024/490119","shortDisplayName":"Jelly &amp; Jam","displayName":"Jelly &amp; Jam"},{"id":"490120","href":"/category/shop/pantry/pantry-meals/490024/490120","shortDisplayName":"Pantry Meals","displayName":"Pantry Meals"},{"id":"490121","href":"/category/shop/pantry/pasta-rice/490024/490121","shortDisplayName":"Pasta &amp; Rice","displayName":"Pasta &amp; Rice"},{"id":"490122","href":"/category/shop/pantry/peanut-butter/490024/490122","shortDisplayName":"Peanut Butter","displayName":"Peanut Butter"},{"id":"490123","href":"/category/shop/pantry/salsa-dip/490024/490123","shortDisplayName":"Salsa &amp; Dip","displayName":"Salsa &amp; Dip"},{"id":"490124","href":"/category/shop/pantry/sauces-marinades/490124","shortDisplayName":"Sauces &amp; Marinades","displayName":"Sauces &amp; Marinades"},{"id":"490125","href":"/category/shop/pantry/snacks-candy/490125","shortDisplayName":"Snacks &amp; Candy","displayName":"Snacks &amp; Candy"},{"id":"490126","href":"/category/shop/pantry/soups-chili/490024/490126","shortDisplayName":"Soups &amp; Chili","displayName":"Soups &amp; Chili"},{"id":"490127","href":"/category/shop/pantry/spices-seasonings/490024/490127","shortDisplayName":"Spices &amp; Seasonings","displayName":"Spices &amp; Seasonings"},{"id":"490128","href":"/category/shop/pantry/sugar-sweeteners/490024/490128","shortDisplayName":"Sugar &amp; Sweeteners","displayName":"Sugar &amp; Sweeteners"}]},{"id":"490019","shortDisplayName":"Frozen Food","displayName":"Frozen Food","href":"/category/shop/frozen-food/490019","subCategories":[{"id":"490073","href":"/category/shop/frozen-food/bread-baked-goods/490019/490073","shortDisplayName":"Bread &amp; Baked Goods","displayName":"Bread &amp; Baked Goods"},{"id":"490074","href":"/category/shop/frozen-food/fruit/490019/490074","shortDisplayName":"Fruit","displayName":"Fruit"},{"id":"490075","href":"/category/shop/frozen-food/ice-cream-treats/490019/490075","shortDisplayName":"Ice Cream &amp; Treats","displayName":"Ice Cream &amp; Treats"},{"id":"490076","href":"/category/shop/frozen-food/juice-smoothies/490019/490076","shortDisplayName":"Juice &amp; Smoothies","displayName":"Juice &amp; Smoothies"},{"id":"490077","href":"/category/shop/frozen-food/meals-sides/490019/490077","shortDisplayName":"Meals &amp; Sides","displayName":"Meals &amp; Sides"},{"id":"490078","href":"/category/shop/frozen-food/meat/490019/490078","shortDisplayName":"Meat","displayName":"Meat"},{"id":"490079","href":"/category/shop/frozen-food/meat-alternatives/490019/490079","shortDisplayName":"Meat Alternatives","displayName":"Meat Alternatives"},{"id":"490080","href":"/category/shop/frozen-food/seafood/490019/490080","shortDisplayName":"Seafood","displayName":"Seafood"},{"id":"490081","href":"/category/shop/frozen-food/vegetables/490019/490081","shortDisplayName":"Vegetables","displayName":"Vegetables"}]},{"id":"490015","shortDisplayName":"Beverages","displayName":"Beverages","href":"/category/shop/beverages/490015","subCategories":[{"id":"490033","href":"/category/shop/beverages/beer-wine/490015/490033","shortDisplayName":"Beer &amp; Wine","displayName":"Beer &amp; Wine"},{"id":"490034","href":"/category/shop/beverages/cocoa/490015/490034","shortDisplayName":"Cocoa","displayName":"Cocoa"},{"id":"490035","href":"/category/shop/beverages/coconut-water/490015/490035","shortDisplayName":"Coconut Water","displayName":"Coconut Water"},{"id":"490036","href":"/category/shop/beverages/coffee/490015/490036","shortDisplayName":"Coffee","displayName":"Coffee"},{"id":"490037","href":"/category/shop/beverages/coffee-creamer/490015/490037","shortDisplayName":"Coffee Creamer","displayName":"Coffee Creamer"},{"id":"490038","href":"/category/shop/beverages/coffee-filters/490015/490038","shortDisplayName":"Coffee Filters","displayName":"Coffee Filters"},{"id":"490039","href":"/category/shop/beverages/ice/490015/490039","shortDisplayName":"Ice","displayName":"Ice"},{"id":"490040","href":"/category/shop/beverages/juice/490015/490040","shortDisplayName":"Juice","displayName":"Juice"},{"id":"490041","href":"/category/shop/beverages/mixes-flavor-enhancers/490015/490041","shortDisplayName":"Mixes &amp; Flavor Enhancers","displayName":"Mixes &amp; Flavor Enhancers"},{"id":"490042","href":"/category/shop/beverages/shakes-smoothies/490015/490042","shortDisplayName":"Shakes &amp; Smoothies","displayName":"Shakes &amp; Smoothies"},{"id":"490043","href":"/category/shop/beverages/soda/490015/490043","shortDisplayName":"Soda","displayName":"Soda"},{"id":"490044","href":"/category/shop/beverages/sports-energy-drinks/490015/490044","shortDisplayName":"Sports &amp; Energy Drinks","displayName":"Sports &amp; Energy Drinks"},{"id":"490045","href":"/category/shop/beverages/tea/490015/490045","shortDisplayName":"Tea","displayName":"Tea"},{"id":"490046","href":"/category/shop/beverages/water/490015/490046","shortDisplayName":"Water","displayName":"Water"}]},{"id":"490018","shortDisplayName":"Everyday Essentials","displayName":"Everyday Essentials","href":"/category/shop/everyday-essentials/490018","subCategories":[{"id":"490062","href":"/category/shop/everyday-essentials/air-fresheners-candles/490018/490062","shortDisplayName":"Air Fresheners &amp; Candles","displayName":"Air Fresheners &amp; Candles"},{"id":"490063","href":"/category/shop/everyday-essentials/batteries/490018/490063","shortDisplayName":"Batteries","displayName":"Batteries"},{"id":"490064","href":"/category/shop/everyday-essentials/cleaners/490018/490064","shortDisplayName":"Cleaners","displayName":"Cleaners"},{"id":"490065","href":"/category/shop/everyday-essentials/cleaning-tools/490018/490065","shortDisplayName":"Cleaning Tools","displayName":"Cleaning Tools"},{"id":"490066","href":"/category/shop/everyday-essentials/disposable-kitchenware/490018/490066","shortDisplayName":"Disposable Kitchenware","displayName":"Disposable Kitchenware"},{"id":"490067","href":"/category/shop/everyday-essentials/facial-tissue/490018/490067","shortDisplayName":"Facial Tissue","displayName":"Facial Tissue"},{"id":"490068","href":"/category/shop/everyday-essentials/food-storage-wraps/490018/490068","shortDisplayName":"Food Storage &amp; Wraps","displayName":"Food Storage &amp; Wraps"},{"id":"490069","href":"/category/shop/everyday-essentials/laundry/490018/490069","shortDisplayName":"Laundry","displayName":"Laundry"},{"id":"490070","href":"/category/shop/everyday-essentials/paper-towels/490018/490070","shortDisplayName":"Paper Towels","displayName":"Paper Towels"},{"id":"490071","href":"/category/shop/everyday-essentials/toilet-paper/490018/490071","shortDisplayName":"Toilet Paper","displayName":"Toilet Paper"},{"id":"490072","href":"/category/shop/everyday-essentials/trash-bags/490018/490072","shortDisplayName":"Trash Bags","displayName":"Trash Bags"}]},{"id":"490021","shortDisplayName":"Health &amp; Beauty","displayName":"Health &amp; Beauty","href":"/category/shop/health-beauty/490021","subCategories":[{"id":"490084","href":"/category/shop/health-beauty/bath-skin-care/490084","shortDisplayName":"Bath &amp; Skin Care","displayName":"Bath &amp; Skin Care"},{"id":"490085","href":"/category/shop/health-beauty/cotton-balls-swabs/490021/490085","shortDisplayName":"Cotton Balls &amp; Swabs","displayName":"Cotton Balls &amp; Swabs"},{"id":"490086","href":"/category/shop/health-beauty/diet-fitness/490021/490086","shortDisplayName":"Diet &amp; Fitness","displayName":"Diet &amp; Fitness"},{"id":"490087","href":"/category/shop/health-beauty/eye-ear-care/490087","shortDisplayName":"Eye &amp; Ear Care","displayName":"Eye &amp; Ear Care"},{"id":"490088","href":"/category/shop/health-beauty/feminine-care/490088","shortDisplayName":"Feminine Care","displayName":"Feminine Care"},{"id":"490089","href":"/category/shop/health-beauty/foot-care/490021/490089","shortDisplayName":"Foot Care","displayName":"Foot Care"},{"id":"490090","href":"/category/shop/health-beauty/hair-care/490090","shortDisplayName":"Hair Care","displayName":"Hair Care"},{"id":"490091","href":"/category/shop/health-beauty/home-health-care/490091","shortDisplayName":"Home Health Care","displayName":"Home Health Care"},{"id":"490092","href":"/category/shop/health-beauty/incontinence/490021/490092","shortDisplayName":"Incontinence","displayName":"Incontinence"},{"id":"490093","href":"/category/shop/health-beauty/makeup/490093","shortDisplayName":"Makeup","displayName":"Makeup"},{"id":"490094","href":"/category/shop/health-beauty/medicines-treatments/490094","shortDisplayName":"Medicines &amp; Treatments","displayName":"Medicines &amp; Treatments"},{"id":"490095","href":"/category/shop/health-beauty/nails/490095","shortDisplayName":"Nails","displayName":"Nails"},{"id":"490096","href":"/category/shop/health-beauty/oral-hygiene/490096","shortDisplayName":"Oral Hygiene","displayName":"Oral Hygiene"},{"id":"490097","href":"/category/shop/health-beauty/sexual-wellness/490097","shortDisplayName":"Sexual Wellness","displayName":"Sexual Wellness"},{"id":"490098","href":"/category/shop/health-beauty/vitamins-supplements/490098","shortDisplayName":"Vitamins &amp; Supplements","displayName":"Vitamins &amp; Supplements"}]},{"id":"490022","shortDisplayName":"Home &amp; Outdoor","displayName":"Home &amp; Outdoor","href":"/category/shop/home-outdoor/490022","subCategories":[{"id":"490099","href":"/category/shop/home-outdoor/bedding-bath/490099","shortDisplayName":"Bedding &amp; Bath","displayName":"Bedding &amp; Bath"},{"id":"490100","href":"/category/shop/home-outdoor/clothes-shoes/490100","shortDisplayName":"Clothes &amp; Shoes","displayName":"Clothes &amp; Shoes"},{"id":"490101","href":"/category/shop/home-outdoor/seasonal-decor/490022/490101","shortDisplayName":"Seasonal Decor","displayName":"Seasonal Decor"},{"id":"490102","href":"/category/shop/home-outdoor/electronics/490022/490102","shortDisplayName":"Electronics","displayName":"Electronics"},{"id":"490104","href":"/category/shop/home-outdoor/home-improvement/490104","shortDisplayName":"Home Improvement","displayName":"Home Improvement"},{"id":"490105","href":"/category/shop/home-outdoor/kitchen-dining/490022/490105","shortDisplayName":"Kitchen &amp; Dining","displayName":"Kitchen &amp; Dining"},{"id":"490106","href":"/category/shop/home-outdoor/patio-outdoor/490106","shortDisplayName":"Patio &amp; Outdoor","displayName":"Patio &amp; Outdoor"},{"id":"490107","href":"/category/shop/home-outdoor/pest-control/490022/490107","shortDisplayName":"Pest Control","displayName":"Pest Control"},{"id":"490108","href":"/category/shop/home-outdoor/school-office-supplies/490108","shortDisplayName":"School &amp; Office Supplies","displayName":"School &amp; Office Supplies"},{"id":"490109","href":"/category/shop/home-outdoor/storage-organization/490109","shortDisplayName":"Storage &amp; Organization","displayName":"Storage &amp; Organization"}]},{"id":"489924","shortDisplayName":"Baby &amp; Kids","displayName":"Baby &amp; Kids","href":"/category/shop/baby-kids/489924","subCategories":[{"id":"489934","href":"/category/shop/baby-kids/food-formula/489924/489934","shortDisplayName":"Food &amp; Formula","displayName":"Food &amp; Formula"},{"id":"489932","href":"/category/shop/baby-kids/diapers-potty/489924/489932","shortDisplayName":"Diapers &amp; Potty","displayName":"Diapers &amp; Potty"},{"id":"489935","href":"/category/shop/baby-kids/health-skin-care/489935","shortDisplayName":"Health &amp; Skin Care","displayName":"Health &amp; Skin Care"},{"id":"489937","href":"/category/shop/baby-kids/toys/489924/489937","shortDisplayName":"Toys","displayName":"Toys"},{"id":"489933","href":"/category/shop/baby-kids/feeding/489933","shortDisplayName":"Feeding","displayName":"Feeding"},{"id":"489929","href":"/category/shop/baby-kids/baby-safety/489929","shortDisplayName":"Baby Safety","displayName":"Baby Safety"},{"id":"489930","href":"/category/shop/baby-kids/bath-tubs-accessories/489930","shortDisplayName":"Bath Tubs &amp; Accessories","displayName":"Bath Tubs &amp; Accessories"},{"id":"489936","href":"/category/shop/baby-kids/nursery-kids-room/489936","shortDisplayName":"Nursery &amp; Kids&#039; Room","displayName":"Nursery &amp; Kids&#039; Room"},{"id":"489931","href":"/category/shop/baby-kids/clothes/489931","shortDisplayName":"Clothes","displayName":"Clothes"},{"id":"489938","href":"/category/shop/baby-kids/travel-equipment/489938","shortDisplayName":"Travel Equipment","displayName":"Travel Equipment"}]},{"id":"490025","shortDisplayName":"Pets","displayName":"Pets","href":"/category/shop/pets/490025","subCategories":[{"id":"490131","href":"/category/shop/pets/dogs/490025/490131","shortDisplayName":"Dogs","displayName":"Dogs"},{"id":"490130","href":"/category/shop/pets/cats/490025/490130","shortDisplayName":"Cats","displayName":"Cats"},{"id":"490129","href":"/category/shop/pets/birds/490025/490129","shortDisplayName":"Birds","displayName":"Birds"},{"id":"490132","href":"/category/shop/pets/fish/490025/490132","shortDisplayName":"Fish","displayName":"Fish"},{"id":"490134","href":"/category/shop/pets/small-animals/490025/490134","shortDisplayName":"Small Animals","displayName":"Small Animals"},{"id":"490133","href":"/category/shop/pets/reptiles/490025/490133","shortDisplayName":"Reptiles","displayName":"Reptiles"}]},{"id":"1157212","shortDisplayName":"Donations","displayName":"Donations","href":"/category/shop/donations/2863/1157212","subCategories":[{"id":"1162483","href":"/category/shop/donations/donations/1157212/1162483","shortDisplayName":"Donations","displayName":"Donations"}]}]}]},{"displayName":"Recipes","href":"/recipe/landing","hasChildMenuItems":false},{"displayName":"Weekly ad","href":"/collections/weekly-ad?customFilters=onAdFilter","hasChildMenuItems":false},{"displayName":"Coupons","href":"/digital-coupon/coupon-selection","hasChildMenuItems":false},{"displayName":"Pharmacy","href":"/pharmacy/common/landing","hasChildMenuItems":true,"subCategories":[{"type":0,"displayName":"Create RX Profile","needsDivider":false,"href":"/my-account/pharmacy-login","l2MenuTitle":""},"","","","",{"type":0,"displayName":"Refill Prescription","needsDivider":false,"href":"/pharmacy/refill-rx","l2MenuTitle":""},{"type":0,"displayName":"Check Refill Status","needsDivider":false,"href":"/pharmacy/check-refill-status","l2MenuTitle":""},{"type":0,"displayName":"Refill Xpress","needsDivider":false,"href":"/pharmacy/refill-express/refill-express-landing","l2MenuTitle":""},{"type":0,"displayName":"Transfer Prescription","needsDivider":false,"href":"/pharmacy/transfer/user-information","l2MenuTitle":""},{"type":0,"displayName":"Prescription Services","needsDivider":false,"href":"","l2MenuTitle":"","promoLinkUrl":"","promoImageUrl":"","subCategories":[{"href":"/static-page/article-template/specialty-pharmacy","shortDisplayName":"Specialty Pharmacy"},{"href":"/static-page/article-template/H-E-B-Pharmacy-Delivery-Service","shortDisplayName":"Prescription Delivery"},{"href":"/static-page/article-template/heb-rxtra-advantage#compounding","shortDisplayName":"Prescription Compounding"},{"href":"/static-page/flavorx","shortDisplayName":"Prescription Flavoring"},{"href":"/static-page/article-template/Pet-Medications-at-H-E-B","shortDisplayName":"Pet Meds"},{"href":"/static-page/Generics","shortDisplayName":"$4 Generics"}]},{"type":0,"displayName":"Health Services","needsDivider":false,"href":"","l2MenuTitle":"","promoLinkUrl":"","promoImageUrl":"","subCategories":[{"href":"/pharmacy/services/immunizations.jsp","shortDisplayName":"Immunizations"},{"href":"/static-page/article-template/Second-Saturday-Screenings","shortDisplayName":"Health Screenings"},{"href":"/static-page/Nutrition-Services","shortDisplayName":"Nutrition Services"},{"href":"/static-page/Medicare-Overview","shortDisplayName":"Medicare"},{"href":"https://www.ultalabtests.com/HEB/AccountSite/Index","shortDisplayName":"Lab Services"},{"href":"/static-page/Take-Charge-of-Diabetes-Today","shortDisplayName":"Diabetes Products"},{"href":"/static-page/article-template/heb-rxtra-advantage","shortDisplayName":"Rx Advantage for Employers"}]}]}]</script>
        <div class="typeahead__overlay-container">
						<div class="typeahead__overlay"></div>
						<!-- pageId: cat  groupId: search -->

	<div id="subMenuHeaderBar" class="large-12 medium-12 columns top-nav">
		<div class="row">
			<div class="large-12 medium-12 columns">
				<ul class="submenu-links">
					</ul>
			</div>
		</div>
	</div>
	
<div class="vue-instance-init">
								<mini-cart>
							</mini-cart></div>
						<bootstrap class="vue-instance-init">
							<global-modals :options="$store.state.profile.globalModals.options">
							</global-modals>
						</bootstrap>

		<!-- Show the promo banner for selected pages -->
		<div id="body" class="CDP_BodyContent_rsp">
								<input type="hidden" id="storeSelectorSkuId" value="">

		<div class="CDP_Align_rsp merchandisingPage">
				<div class="show-for-large-up">
							<div id="CDP_sidebar"> <div id="CDP_sidebar_contents" class="CDP_sidebar_contents">
								<div class="refinement-nav__refinement-filter-by-heading">
			Filter by</div>
	<div class="refinement-nav__refinement-group">
					<div class="refinement-nav__refinement-name">
						Category</div>
					<ul>
						<li class="">
								<a href="file:///C:/search/results?N=1573083429&amp;Ntt=Lettuce&amp;q=Lettuce" class="refinement-nav__refinement-label refinement-nav__refinement-option ">
									Fruit &amp; Vegetables</a>
								</li>
							<li class="">
								<a href="file:///C:/search/results?N=205674984&amp;Ntt=Lettuce&amp;q=Lettuce" class="refinement-nav__refinement-label refinement-nav__refinement-option ">
									Deli &amp; Prepared Food</a>
								</li>
							<li class="">
								<a href="file:///C:/search/results?N=2727940510&amp;Ntt=Lettuce&amp;q=Lettuce" class="refinement-nav__refinement-label refinement-nav__refinement-option ">
									Pantry</a>
								</li>
							</ul>
				</div>
			<div class="refine-nav">
				<!-- Render the refinement sections, but dont render the coupon filter on ship to home -->
				<div class="refinement-nav__refinement-group">
			<div class="refinement-nav__refinement-name">
				Popular filters</div>

			<ul>
				<!-- Start: 2. Text Label, Count "Radio" - PurchasedFilter-->
        <li>
            <a href="file:///C:/search/results?N=3139289889&amp;Ntt=Lettuce&amp;q=Lettuce&amp;No=0&amp;customFilters=purchasedFilter" data-gtmdimension="Popular filters" data-gtmrefinement="Past Purchases" class="refinement-nav__taparea refinement-nav__refinement-option refinement-nav__refinement-option--disabled">
                <div class="refinement-nav__refinement-label ">
                    Past Purchases
                </div>
                <div class="refinement-nav__refinement-count-container">
                    <span class="refinement-nav__refinement-count">
                        0</span>

                    <div class="refinement-nav__circle-toggle "></div>
                </div>
            </a>
        </li>
        <!-- End: 2. Text Label, Count "Radio" - PurchasedFilter-->
    <!-- Start Loop -->
					<!-- Start: 2. Text Label, Count "Radio" -->
							<li>
								<a href="file:///C:/search/results?N=3139289889+1808942484&amp;Ntt=Lettuce&amp;q=Lettuce" data-gtmdimension="Popular filters" data-gtmrefinement="Has Coupon" class="refinement-nav__taparea refinement-nav__refinement-option">
								<div class="refinement-nav__refinement-label ">
									Has Coupon</div>
								<div class="refinement-nav__refinement-count-container">
									<span class="refinement-nav__refinement-count">
										3</span>
									<div class="refinement-nav__circle-toggle "></div>
								</div>
								</a>
							</li>
							<!-- End: 2. Text Label, Count "Radio" -->
						<!-- End Loop -->
				</ul>

			</div> <!-- End group -->


		<div class="refinement-nav__refinement-group">
			<div class="refinement-nav__refinement-name">
				Brand</div>

			<ul>
				<!-- Start Loop -->
					<!-- Start: 2. Text Label, Count "Radio" -->
							<li>
								<a href="file:///C:/search/results?N=3139289889+4294966106&amp;Ntt=Lettuce&amp;q=Lettuce" data-gtmdimension="Brand" data-gtmrefinement="H-E-B" class="refinement-nav__taparea refinement-nav__refinement-option">
								<div class="refinement-nav__refinement-label ">
									H-E-B</div>
								<div class="refinement-nav__refinement-count-container">
									<span class="refinement-nav__refinement-count">
										41</span>
									<div class="refinement-nav__circle-toggle "></div>
								</div>
								</a>
							</li>
							<!-- End: 2. Text Label, Count "Radio" -->
						<!-- End Loop -->
				<!-- Start Loop -->
					<!-- Start: 2. Text Label, Count "Radio" -->
							<li>
								<a href="file:///C:/search/results?N=3139289889+4294965842&amp;Ntt=Lettuce&amp;q=Lettuce" data-gtmdimension="Brand" data-gtmrefinement="Central Market" class="refinement-nav__taparea refinement-nav__refinement-option">
								<div class="refinement-nav__refinement-label ">
									Central Market</div>
								<div class="refinement-nav__refinement-count-container">
									<span class="refinement-nav__refinement-count">
										14</span>
									<div class="refinement-nav__circle-toggle "></div>
								</div>
								</a>
							</li>
							<!-- End: 2. Text Label, Count "Radio" -->
						<!-- End Loop -->
				<!-- Start Loop -->
					<!-- Start: 2. Text Label, Count "Radio" -->
							<li>
								<a href="file:///C:/search/results?N=3139289889+4294965133&amp;Ntt=Lettuce&amp;q=Lettuce" data-gtmdimension="Brand" data-gtmrefinement="Dole" class="refinement-nav__taparea refinement-nav__refinement-option">
								<div class="refinement-nav__refinement-label ">
									Dole</div>
								<div class="refinement-nav__refinement-count-container">
									<span class="refinement-nav__refinement-count">
										10</span>
									<div class="refinement-nav__circle-toggle "></div>
								</div>
								</a>
							</li>
							<!-- End: 2. Text Label, Count "Radio" -->
						<!-- End Loop -->
				<!-- Start Loop -->
					<!-- Start: 2. Text Label, Count "Radio" -->
							<li>
								<a href="file:///C:/search/results?N=3139289889+311937341&amp;Ntt=Lettuce&amp;q=Lettuce" data-gtmdimension="Brand" data-gtmrefinement="Eva" class="refinement-nav__taparea refinement-nav__refinement-option">
								<div class="refinement-nav__refinement-label ">
									Eva</div>
								<div class="refinement-nav__refinement-count-container">
									<span class="refinement-nav__refinement-count">
										2</span>
									<div class="refinement-nav__circle-toggle "></div>
								</div>
								</a>
							</li>
							<!-- End: 2. Text Label, Count "Radio" -->
						<!-- End Loop -->
				<!-- Start Loop -->
					<!-- Start: 2. Text Label, Count "Radio" -->
							<li>
								<a href="file:///C:/search/results?N=3139289889+4294948128&amp;Ntt=Lettuce&amp;q=Lettuce" data-gtmdimension="Brand" data-gtmrefinement="Fresh" class="refinement-nav__taparea refinement-nav__refinement-option">
								<div class="refinement-nav__refinement-label ">
									Fresh</div>
								<div class="refinement-nav__refinement-count-container">
									<span class="refinement-nav__refinement-count">
										18</span>
									<div class="refinement-nav__circle-toggle "></div>
								</div>
								</a>
							</li>
							<!-- End: 2. Text Label, Count "Radio" -->
						<!-- End Loop -->
				</ul>

			<a href="file:///C:/search/results?N=3139289889&amp;Ntt=Lettuce&amp;q=Lettuce&amp;showMoreIds=10093" class="refinement-nav__taparea refinement-nav__refinement-option refinement-nav__see-more">
					Show all <span class="fa fa-angle-down mar-left-10" role="presentation"></span>
				</a>
			</div> <!-- End group -->


		<div class="refinement-nav__refinement-group">
			<div class="refinement-nav__refinement-name">
				Ways to shop</div>

			<ul>
				<!-- Start Loop -->
					<!-- Start: 2. Text Label, Count "Radio" -->
							<li>
								<a href="file:///C:/search/results?N=3139289889+4037013730&amp;Ntt=Lettuce&amp;q=Lettuce" data-gtmdimension="Ways to shop" data-gtmrefinement="Heart Healthy" class="refinement-nav__taparea refinement-nav__refinement-option">
								<div class="refinement-nav__refinement-label ">
									<img src="./heb_lettuce_search_files/snipe-shh.jpg" class="refinement-nav__lifestyle-image" alt="" role="presentation">
									Heart Healthy</div>
								<div class="refinement-nav__refinement-count-container">
									<span class="refinement-nav__refinement-count">
										49</span>
									<div class="refinement-nav__circle-toggle "></div>
								</div>
								</a>
							</li>
							<!-- End: 2. Text Label, Count "Radio" -->
						<!-- End Loop -->
				<!-- Start Loop -->
					<!-- Start: 2. Text Label, Count "Radio" -->
							<li>
								<a href="file:///C:/search/results?N=3139289889+1744287321&amp;Ntt=Lettuce&amp;q=Lettuce" data-gtmdimension="Ways to shop" data-gtmrefinement="Organic" class="refinement-nav__taparea refinement-nav__refinement-option">
								<div class="refinement-nav__refinement-label ">
									<img src="./heb_lettuce_search_files/snipe-so95.jpg" class="refinement-nav__lifestyle-image" alt="" role="presentation">
									Organic</div>
								<div class="refinement-nav__refinement-count-container">
									<span class="refinement-nav__refinement-count">
										28</span>
									<div class="refinement-nav__circle-toggle "></div>
								</div>
								</a>
							</li>
							<!-- End: 2. Text Label, Count "Radio" -->
						<!-- End Loop -->
				<!-- Start Loop -->
					<!-- Start: 2. Text Label, Count "Radio" -->
							<li>
								<a href="file:///C:/search/results?N=3139289889+1761060688&amp;Ntt=Lettuce&amp;q=Lettuce" data-gtmdimension="Ways to shop" data-gtmrefinement="Select Ingredients" class="refinement-nav__taparea refinement-nav__refinement-option">
								<div class="refinement-nav__refinement-label ">
									<img src="./heb_lettuce_search_files/snipe-shsi.jpg" class="refinement-nav__lifestyle-image" alt="" role="presentation">
									Select Ingredients</div>
								<div class="refinement-nav__refinement-count-container">
									<span class="refinement-nav__refinement-count">
										22</span>
									<div class="refinement-nav__circle-toggle "></div>
								</div>
								</a>
							</li>
							<!-- End: 2. Text Label, Count "Radio" -->
						<!-- End Loop -->
				<!-- Start Loop -->
					<!-- Start: 2. Text Label, Count "Radio" -->
							<li>
								<a href="file:///C:/search/results?N=3139289889+2900924433&amp;Ntt=Lettuce&amp;q=Lettuce" data-gtmdimension="Ways to shop" data-gtmrefinement="Primo Pick" class="refinement-nav__taparea refinement-nav__refinement-option">
								<div class="refinement-nav__refinement-label ">
									<img src="./heb_lettuce_search_files/snipe-pp.jpg" class="refinement-nav__lifestyle-image" alt="" role="presentation">
									Primo Pick</div>
								<div class="refinement-nav__refinement-count-container">
									<span class="refinement-nav__refinement-count">
										16</span>
									<div class="refinement-nav__circle-toggle "></div>
								</div>
								</a>
							</li>
							<!-- End: 2. Text Label, Count "Radio" -->
						<!-- End Loop -->
				<!-- Start Loop -->
					<!-- Start: 2. Text Label, Count "Radio" -->
							<li>
								<a href="file:///C:/search/results?N=3139289889+1244059631&amp;Ntt=Lettuce&amp;q=Lettuce" data-gtmdimension="Ways to shop" data-gtmrefinement="Go Local" class="refinement-nav__taparea refinement-nav__refinement-option">
								<div class="refinement-nav__refinement-label ">
									<img src="./heb_lettuce_search_files/snipe-sgolocal.jpg" class="refinement-nav__lifestyle-image" alt="" role="presentation">
									Go Local</div>
								<div class="refinement-nav__refinement-count-container">
									<span class="refinement-nav__refinement-count">
										11</span>
									<div class="refinement-nav__circle-toggle "></div>
								</div>
								</a>
							</li>
							<!-- End: 2. Text Label, Count "Radio" -->
						<!-- End Loop -->
				</ul>

			<a href="file:///C:/search/results?N=3139289889&amp;Ntt=Lettuce&amp;q=Lettuce&amp;showMoreIds=3237716277" class="refinement-nav__taparea refinement-nav__refinement-option refinement-nav__see-more">
					Show all <span class="fa fa-angle-down mar-left-10" role="presentation"></span>
				</a>
			</div> <!-- End group -->


		<div class="refinement-nav__refinement-group">
			<script type="text/javascript">
				$(function() {
					var doNotConstrain = false; 
					var location = '';
					var pmin = 0.91.toFixed(2);
					var pmax = 5.13.toFixed(2);
					var umin = 0.91.toFixed(2);
					var umax = 5.13.toFixed(2);
					var sliderRangeDiv = '#slider-range';
					var sliderAmountDiv = '#amount';
					
					console.log('load slider');
					if (location == 'modal'){
						sliderRangeDiv = '#slider-range-modal';
						sliderAmountDiv = '#amount-modal';
					}
					
					$(sliderRangeDiv).slider({
						range: true,
						classes: {
							"ui-slider-handle": "ui-circle-all",

						},
						min: parseFloat(pmin),
						max: parseFloat(pmax),
						values: [ parseFloat(umin), parseFloat(umax) ],
						slide: function(event, ui) {
							if (doNotConstrain && (ui.values[0] > umin || ui.values[1] < umax)) {
								// If there was only one result, don't allow the range to be constrained further
								return false;
							}
							$('.js-price-slider-min').text("$" + ui.values[0].toFixed(2) );
							$('.js-price-slider-max').text("$" + ui.values[1].toFixed(2) );
						},
						stop: function(event, ui) {
							var newMin = ui.values[0];
							var newMax = ui.values[1];
							if (newMin == umin && newMax == umax) {
								return;
							}
							setTimeout(
								function() {
									var filterUrl = "/search/results?N=3139289889&Ntt=Lettuce&q=Lettuce&Nf=salePriceForStoresCurbside_|BTWN+%7Bmin%7D+%7Bmax%7D".replace("%7Bmin%7D", newMin).replace("%7Bmax%7D", newMax);
									if (location == 'modal'){
										loadModal(filterUrl);
									}else{
										document.location.href = filterUrl;
									}
								}, 200); 
						}
					});
					$('.js-price-slider-min').text('$'+umin);
					$('.js-price-slider-max').text('$'+umax);
					
				});
				</script>
			<div class="refinement-nav__refinement-name">
				Price Range
			</div>
			<div id="price-slider">
				<div id="amount" class="refinement-nav__price-slider">
					<span class="js-price-slider-min"></span>
					<span class="js-price-slider-max"></span>	
				</div>
				<div class="refinement-nav__price-slider-handle-container">
					<div id="slider-range"></div>
				</div>
			</div>
		</div>
	
	</div>
		<div class="promo-holder">
		</div>
</div>
							</div>
						</div>
					<div class="search-result search-container ">
							<div class="CDP_Align-item_rsp ">
								<div class="search-result-info ">
		<div>
			<h1 class="search-result-title">
						“Lettuce”
					</h1>
				<!-- 87 results -->
		</div>
		</div>
<bootstrap id="vue-errors" class="vue-instance-init">
			<error-container v-bind:type="&#39;general&#39;"></error-container>
		</bootstrap>

		<div class="oops dontShow" id="catAddToCartError">
			<span class="text">&nbsp;</span>
		</div>

		<!--Start: View-Sorting-Pagination Container -->
		<div id="ProductResults">

				<!--Start: Sub-Category Container-->
    <div class="subcategory-container ">
        <!-- Show Count of Product Results on Search Results page on the same line as sort by -->
            <span id="js-search-result-count" class="search-result-count">
                87 results</span>

            <!-- Button for sort and filter modal -->
            <button data-reveal-id="CDP_sidebar_modal" id="sidebar-modal-button" class="btn btn-filter mar-bot-md">
                <img src="file:///C:/img/buttons/icon-filter.svg" alt="">
                <span class="btn-filter__label">Filter</span>
            </button>
        <!-- START: Sort By -->
        <div class="sort-container  show-for-large-up">

            <form action="file:///C:/search/includes/endecasortby.jsp" id="sortByForm" class="sort-by-form"><div style="display:none"><input name="_dyncharset" type="hidden" value="UTF-8"> </div><div style="display:none"><input name="_dynSessConf" type="hidden" value="-5086795091253690979"> </div><label for="prodSortBySelect" class="sr-only">Sort by</label>
                <select class="sort-select js-prodSortBySelect" id="prodSortBySelect" name="sort">
                    <option value="/search/results?N=3139289889&amp;Ntt=Lettuce&amp;q=Lettuce">Best Match</option>
                    <option value="/search/results?N=3139289889&amp;Ns=product.displayName%7C0&amp;Ntt=Lettuce&amp;q=Lettuce">A-Z</option>
                    <option value="/search/results?N=3139289889&amp;Ns=product.displayName%7C1&amp;Ntt=Lettuce&amp;q=Lettuce">Z-A</option>
                    <option value="/search/results?N=3139289889&amp;Ns=product.salePrice%7C1&amp;Ntt=Lettuce&amp;q=Lettuce">Price: High to Low</option>
                    <option value="/search/results?N=3139289889&amp;Ns=product.salePrice%7C0&amp;Ntt=Lettuce&amp;q=Lettuce">Price: Low to High</option>
                    <option value="/search/results?N=3139289889&amp;Ns=product.ratingAverage%7C1&amp;Ntt=Lettuce&amp;q=Lettuce">Ratings</option>
                    <option value="/search/results?N=3139289889&amp;Ns=product.startDate%7C1&amp;Ntt=Lettuce&amp;q=Lettuce">Newest</option>
                    </select>
                <noscript>
                    <input value="Sort" type="submit" />
                </noscript>
            </form></div>
        <!-- END: Sort By -->
    </div>
    <!--End: Sub-Category Container-->

    <!-- START: Filter modal for mobile and tablet -->
    <div class="hide-for-medium-up">
        <div id="CDP_sidebar_modal" aria-modal="true" class="reveal-modal full CDP_sidebar_modal" data-reveal="" aria-labelledby="sidebar-modal-title" aria-hidden="true" role="dialog">
            <header class="CDP_sidebar_modal_header">
                <a href="file:///C:/search/results/?q=Lettuce&amp;Ntt=Lettuce" id="modal-clear-btn">Clear all</a>
                <div id="sidebar-modal-title" class="CDP-modal-title">Filter</div>
                <a href="file:///C:/Users/Christopher/flask-tutorial/heb_lettuce_search.html#" class="close-reveal-modal" aria-label="Close Modal"><img src="file:///C:/img/icon-close.svg" alt=""></a>
            </header>
            <section class="CDP_sidebar_modal_scrollable">
                <div id="CDP_sidebar_modal_contents">
                    <div class="refinement-nav__mobile-scrolling-wrapper">
                        <div class="refinement-nav__refinement-name">
                            Sort By
                        </div>
                        <a href="file:///C:/search/results?N=3139289889&amp;Ntt=Lettuce&amp;q=Lettuce" class="refinement-nav__pill-option  refinement-nav__pill-option--active">
                                Best Match</a>
                        <a href="file:///C:/search/results?N=3139289889&amp;Ns=product.displayName%7C0&amp;Ntt=Lettuce&amp;q=Lettuce" class="refinement-nav__pill-option ">
                                A-Z</a>
                        <a href="file:///C:/search/results?N=3139289889&amp;Ns=product.displayName%7C1&amp;Ntt=Lettuce&amp;q=Lettuce" class="refinement-nav__pill-option ">
                                Z-A</a>
                        <a href="file:///C:/search/results?N=3139289889&amp;Ns=product.salePrice%7C1&amp;Ntt=Lettuce&amp;q=Lettuce" class="refinement-nav__pill-option ">
                                Price: High to Low</a>
                        <a href="file:///C:/search/results?N=3139289889&amp;Ns=product.salePrice%7C0&amp;Ntt=Lettuce&amp;q=Lettuce" class="refinement-nav__pill-option ">
                                Price: Low to High</a>
                        <a href="file:///C:/search/results?N=3139289889&amp;Ns=product.ratingAverage%7C1&amp;Ntt=Lettuce&amp;q=Lettuce" class="refinement-nav__pill-option ">
                                Ratings</a>
                        <a href="file:///C:/search/results?N=3139289889&amp;Ns=product.startDate%7C1&amp;Ntt=Lettuce&amp;q=Lettuce" class="refinement-nav__pill-option ">
                                Newest</a>
                        </div>
                    <div class="refinement-nav__refinement-filter-by-heading">
			Filter by</div>
	<div class="refinement-nav__refinement-group">
					<div class="refinement-nav__refinement-name">
						Category</div>
					<ul>
						<li class="">
								<a href="file:///C:/search/results?N=1573083429&amp;Ntt=Lettuce&amp;q=Lettuce" class="refinement-nav__refinement-label refinement-nav__refinement-option ">
									Fruit &amp; Vegetables</a>
								</li>
							<li class="">
								<a href="file:///C:/search/results?N=205674984&amp;Ntt=Lettuce&amp;q=Lettuce" class="refinement-nav__refinement-label refinement-nav__refinement-option ">
									Deli &amp; Prepared Food</a>
								</li>
							<li class="">
								<a href="file:///C:/search/results?N=2727940510&amp;Ntt=Lettuce&amp;q=Lettuce" class="refinement-nav__refinement-label refinement-nav__refinement-option ">
									Pantry</a>
								</li>
							</ul>
				</div>
			<div class="refine-nav">
				<!-- Render the refinement sections, but dont render the coupon filter on ship to home -->
				<div class="refinement-nav__refinement-group">
			<div class="refinement-nav__refinement-name">
				Popular filters</div>

			<ul>
				<!-- Start: 2. Text Label, Count "Radio" - PurchasedFilter-->
        <li>
            <a href="file:///C:/search/results?N=3139289889&amp;Ntt=Lettuce&amp;q=Lettuce&amp;No=0&amp;customFilters=purchasedFilter" data-gtmdimension="Popular filters" data-gtmrefinement="Past Purchases" class="refinement-nav__taparea refinement-nav__refinement-option refinement-nav__refinement-option--disabled">
                <div class="refinement-nav__refinement-label ">
                    Past Purchases
                </div>
                <div class="refinement-nav__refinement-count-container">
                    <span class="refinement-nav__refinement-count">
                        0</span>

                    <div class="refinement-nav__circle-toggle "></div>
                </div>
            </a>
        </li>
        <!-- End: 2. Text Label, Count "Radio" - PurchasedFilter-->
    <!-- Start Loop -->
					<!-- Start: 2. Text Label, Count "Radio" -->
							<li>
								<a href="file:///C:/search/results?N=3139289889+1808942484&amp;Ntt=Lettuce&amp;q=Lettuce" data-gtmdimension="Popular filters" data-gtmrefinement="Has Coupon" class="refinement-nav__taparea refinement-nav__refinement-option">
								<div class="refinement-nav__refinement-label ">
									Has Coupon</div>
								<div class="refinement-nav__refinement-count-container">
									<span class="refinement-nav__refinement-count">
										3</span>
									<div class="refinement-nav__circle-toggle "></div>
								</div>
								</a>
							</li>
							<!-- End: 2. Text Label, Count "Radio" -->
						<!-- End Loop -->
				</ul>

			</div> <!-- End group -->


		<div class="refinement-nav__refinement-group">
			<div class="refinement-nav__refinement-name">
				Brand</div>

			<ul>
				<!-- Start Loop -->
					<!-- Start: 2. Text Label, Count "Radio" -->
							<li>
								<a href="file:///C:/search/results?N=3139289889+4294966106&amp;Ntt=Lettuce&amp;q=Lettuce" data-gtmdimension="Brand" data-gtmrefinement="H-E-B" class="refinement-nav__taparea refinement-nav__refinement-option">
								<div class="refinement-nav__refinement-label ">
									H-E-B</div>
								<div class="refinement-nav__refinement-count-container">
									<span class="refinement-nav__refinement-count">
										41</span>
									<div class="refinement-nav__circle-toggle "></div>
								</div>
								</a>
							</li>
							<!-- End: 2. Text Label, Count "Radio" -->
						<!-- End Loop -->
				<!-- Start Loop -->
					<!-- Start: 2. Text Label, Count "Radio" -->
							<li>
								<a href="file:///C:/search/results?N=3139289889+4294965842&amp;Ntt=Lettuce&amp;q=Lettuce" data-gtmdimension="Brand" data-gtmrefinement="Central Market" class="refinement-nav__taparea refinement-nav__refinement-option">
								<div class="refinement-nav__refinement-label ">
									Central Market</div>
								<div class="refinement-nav__refinement-count-container">
									<span class="refinement-nav__refinement-count">
										14</span>
									<div class="refinement-nav__circle-toggle "></div>
								</div>
								</a>
							</li>
							<!-- End: 2. Text Label, Count "Radio" -->
						<!-- End Loop -->
				<!-- Start Loop -->
					<!-- Start: 2. Text Label, Count "Radio" -->
							<li>
								<a href="file:///C:/search/results?N=3139289889+4294965133&amp;Ntt=Lettuce&amp;q=Lettuce" data-gtmdimension="Brand" data-gtmrefinement="Dole" class="refinement-nav__taparea refinement-nav__refinement-option">
								<div class="refinement-nav__refinement-label ">
									Dole</div>
								<div class="refinement-nav__refinement-count-container">
									<span class="refinement-nav__refinement-count">
										10</span>
									<div class="refinement-nav__circle-toggle "></div>
								</div>
								</a>
							</li>
							<!-- End: 2. Text Label, Count "Radio" -->
						<!-- End Loop -->
				<!-- Start Loop -->
					<!-- Start: 2. Text Label, Count "Radio" -->
							<li>
								<a href="file:///C:/search/results?N=3139289889+311937341&amp;Ntt=Lettuce&amp;q=Lettuce" data-gtmdimension="Brand" data-gtmrefinement="Eva" class="refinement-nav__taparea refinement-nav__refinement-option">
								<div class="refinement-nav__refinement-label ">
									Eva</div>
								<div class="refinement-nav__refinement-count-container">
									<span class="refinement-nav__refinement-count">
										2</span>
									<div class="refinement-nav__circle-toggle "></div>
								</div>
								</a>
							</li>
							<!-- End: 2. Text Label, Count "Radio" -->
						<!-- End Loop -->
				<!-- Start Loop -->
					<!-- Start: 2. Text Label, Count "Radio" -->
							<li>
								<a href="file:///C:/search/results?N=3139289889+4294948128&amp;Ntt=Lettuce&amp;q=Lettuce" data-gtmdimension="Brand" data-gtmrefinement="Fresh" class="refinement-nav__taparea refinement-nav__refinement-option">
								<div class="refinement-nav__refinement-label ">
									Fresh</div>
								<div class="refinement-nav__refinement-count-container">
									<span class="refinement-nav__refinement-count">
										18</span>
									<div class="refinement-nav__circle-toggle "></div>
								</div>
								</a>
							</li>
							<!-- End: 2. Text Label, Count "Radio" -->
						<!-- End Loop -->
				</ul>

			<a href="file:///C:/search/results?N=3139289889&amp;Ntt=Lettuce&amp;q=Lettuce&amp;showMoreIds=10093" class="refinement-nav__taparea refinement-nav__refinement-option refinement-nav__see-more">
					Show all <span class="fa fa-angle-down mar-left-10" role="presentation"></span>
				</a>
			</div> <!-- End group -->


		<div class="refinement-nav__refinement-group">
			<div class="refinement-nav__refinement-name">
				Ways to shop</div>

			<ul>
				<!-- Start Loop -->
					<!-- Start: 2. Text Label, Count "Radio" -->
							<li>
								<a href="file:///C:/search/results?N=3139289889+4037013730&amp;Ntt=Lettuce&amp;q=Lettuce" data-gtmdimension="Ways to shop" data-gtmrefinement="Heart Healthy" class="refinement-nav__taparea refinement-nav__refinement-option">
								<div class="refinement-nav__refinement-label ">
									<img src="./heb_lettuce_search_files/snipe-shh.jpg" class="refinement-nav__lifestyle-image" alt="" role="presentation">
									Heart Healthy</div>
								<div class="refinement-nav__refinement-count-container">
									<span class="refinement-nav__refinement-count">
										49</span>
									<div class="refinement-nav__circle-toggle "></div>
								</div>
								</a>
							</li>
							<!-- End: 2. Text Label, Count "Radio" -->
						<!-- End Loop -->
				<!-- Start Loop -->
					<!-- Start: 2. Text Label, Count "Radio" -->
							<li>
								<a href="file:///C:/search/results?N=3139289889+1744287321&amp;Ntt=Lettuce&amp;q=Lettuce" data-gtmdimension="Ways to shop" data-gtmrefinement="Organic" class="refinement-nav__taparea refinement-nav__refinement-option">
								<div class="refinement-nav__refinement-label ">
									<img src="./heb_lettuce_search_files/snipe-so95.jpg" class="refinement-nav__lifestyle-image" alt="" role="presentation">
									Organic</div>
								<div class="refinement-nav__refinement-count-container">
									<span class="refinement-nav__refinement-count">
										28</span>
									<div class="refinement-nav__circle-toggle "></div>
								</div>
								</a>
							</li>
							<!-- End: 2. Text Label, Count "Radio" -->
						<!-- End Loop -->
				<!-- Start Loop -->
					<!-- Start: 2. Text Label, Count "Radio" -->
							<li>
								<a href="file:///C:/search/results?N=3139289889+1761060688&amp;Ntt=Lettuce&amp;q=Lettuce" data-gtmdimension="Ways to shop" data-gtmrefinement="Select Ingredients" class="refinement-nav__taparea refinement-nav__refinement-option">
								<div class="refinement-nav__refinement-label ">
									<img src="./heb_lettuce_search_files/snipe-shsi.jpg" class="refinement-nav__lifestyle-image" alt="" role="presentation">
									Select Ingredients</div>
								<div class="refinement-nav__refinement-count-container">
									<span class="refinement-nav__refinement-count">
										22</span>
									<div class="refinement-nav__circle-toggle "></div>
								</div>
								</a>
							</li>
							<!-- End: 2. Text Label, Count "Radio" -->
						<!-- End Loop -->
				<!-- Start Loop -->
					<!-- Start: 2. Text Label, Count "Radio" -->
							<li>
								<a href="file:///C:/search/results?N=3139289889+2900924433&amp;Ntt=Lettuce&amp;q=Lettuce" data-gtmdimension="Ways to shop" data-gtmrefinement="Primo Pick" class="refinement-nav__taparea refinement-nav__refinement-option">
								<div class="refinement-nav__refinement-label ">
									<img src="./heb_lettuce_search_files/snipe-pp.jpg" class="refinement-nav__lifestyle-image" alt="" role="presentation">
									Primo Pick</div>
								<div class="refinement-nav__refinement-count-container">
									<span class="refinement-nav__refinement-count">
										16</span>
									<div class="refinement-nav__circle-toggle "></div>
								</div>
								</a>
							</li>
							<!-- End: 2. Text Label, Count "Radio" -->
						<!-- End Loop -->
				<!-- Start Loop -->
					<!-- Start: 2. Text Label, Count "Radio" -->
							<li>
								<a href="file:///C:/search/results?N=3139289889+1244059631&amp;Ntt=Lettuce&amp;q=Lettuce" data-gtmdimension="Ways to shop" data-gtmrefinement="Go Local" class="refinement-nav__taparea refinement-nav__refinement-option">
								<div class="refinement-nav__refinement-label ">
									<img src="./heb_lettuce_search_files/snipe-sgolocal.jpg" class="refinement-nav__lifestyle-image" alt="" role="presentation">
									Go Local</div>
								<div class="refinement-nav__refinement-count-container">
									<span class="refinement-nav__refinement-count">
										11</span>
									<div class="refinement-nav__circle-toggle "></div>
								</div>
								</a>
							</li>
							<!-- End: 2. Text Label, Count "Radio" -->
						<!-- End Loop -->
				</ul>

			<a href="file:///C:/search/results?N=3139289889&amp;Ntt=Lettuce&amp;q=Lettuce&amp;showMoreIds=3237716277" class="refinement-nav__taparea refinement-nav__refinement-option refinement-nav__see-more">
					Show all <span class="fa fa-angle-down mar-left-10" role="presentation"></span>
				</a>
			</div> <!-- End group -->


		<div class="refinement-nav__refinement-group">
			<script type="text/javascript">
				$(function() {
					var doNotConstrain = false; 
					var location = 'modal';
					var pmin = 0.91.toFixed(2);
					var pmax = 5.13.toFixed(2);
					var umin = 0.91.toFixed(2);
					var umax = 5.13.toFixed(2);
					var sliderRangeDiv = '#slider-range';
					var sliderAmountDiv = '#amount';
					
					console.log('load slider');
					if (location == 'modal'){
						sliderRangeDiv = '#slider-range-modal';
						sliderAmountDiv = '#amount-modal';
					}
					
					$(sliderRangeDiv).slider({
						range: true,
						classes: {
							"ui-slider-handle": "ui-circle-all",

						},
						min: parseFloat(pmin),
						max: parseFloat(pmax),
						values: [ parseFloat(umin), parseFloat(umax) ],
						slide: function(event, ui) {
							if (doNotConstrain && (ui.values[0] > umin || ui.values[1] < umax)) {
								// If there was only one result, don't allow the range to be constrained further
								return false;
							}
							$('.js-price-slider-min').text("$" + ui.values[0].toFixed(2) );
							$('.js-price-slider-max').text("$" + ui.values[1].toFixed(2) );
						},
						stop: function(event, ui) {
							var newMin = ui.values[0];
							var newMax = ui.values[1];
							if (newMin == umin && newMax == umax) {
								return;
							}
							setTimeout(
								function() {
									var filterUrl = "/search/results?N=3139289889&Ntt=Lettuce&q=Lettuce&Nf=salePriceForStoresCurbside_|BTWN+%7Bmin%7D+%7Bmax%7D".replace("%7Bmin%7D", newMin).replace("%7Bmax%7D", newMax);
									if (location == 'modal'){
										loadModal(filterUrl);
									}else{
										document.location.href = filterUrl;
									}
								}, 200); 
						}
					});
					$('.js-price-slider-min').text('$'+umin);
					$('.js-price-slider-max').text('$'+umax);
					
				});
				</script>
			<div class="refinement-nav__refinement-name">
				Price Range
			</div>
			<div id="price-slider--modal">
				<div id="amount-modal" class="refinement-nav__price-slider">
					<span class="js-price-slider-min"></span>
					<span class="js-price-slider-max"></span>	
				</div>
				<div class="refinement-nav__price-slider-handle-container">
					<div id="slider-range-modal"></div>
				</div>
			</div>
		</div>
	
	</div>
		<div class="promo-holder">
		</div>
</div>
            </section>
            <footer class="sort-modal-buttons" role="region" aria-live="polite">
                <button id="modal-done-btn" class="btn-red btn btn-full-width">Show 87 results</button>
            </footer>
        </div>
    </div>
    <!-- END: sort & filiter modal for mobile and tablet -->
<!--Start: List of Products-->
				<input type="hidden" id="makeReady" value="">
				<div id="ajaxCategoryDisplay">
					<ul id="productResults" class="product-grid search-results-grid product-css-grid">
								<li class="responsivegriditem product-grid-large-fifth product-grid-small-6" role="group">
		<a id="product-319375" href="file:///C:/product-detail/fresh-iceberg-lettuce/319375" aria-label="Fresh Iceberg Lettuce,
		Each,
		$1.22 each. Rated 5 out of five stars." class="responsivegriditem__aria-link-wrap">
		<div class="responsivegriditem-top " onclick="gtm_e_productClick(&#39;gtm-product-click-319375&#39;);">

			<div class="cat-feature clearfix">
				<div class="cat-feature-list clearfix">
   		</div></div>
			<div class="cat-list-img gtm-product ">

				<img data-src="https://images.heb.com/is/image/HEBGrocery/prd-small/fresh-iceberg-lettuce-000319375.jpg" alt="" class="lazyload"><script type="application/ld+json">
{	
	"name": "Fresh Iceberg Lettuce", 
	"id": "319375", 
	"category": "Fruit & Vegetables/Vegetables/Lettuce & Leafy Greens",
	"brand": "Fresh", 
	"variant": "each", 
	"price": 1.22,
	"list": "Search Results page",
	"position": "1",
	"dimension26": "false",
	"dimension40": "default"
}
</script>

</div>
			</div>
	
		<div class="responsivegriditem-middle ">
			<div class="responsivegriditem__title" onclick="gtm_e_productClick(&#39;gtm-product-click-319375&#39;);">
					<span class="responsivegriditem__title">
					Fresh Iceberg Lettuce, <span class="item-size">Each</span></span></div>
			<div class="responsivegriditem__rating-container">
				<div class="cat-star clearfix">
    <div class=""><img src="file:///C:/img/stars/smallstaron.png" alt=""></div>
			<div class=""><img src="file:///C:/img/stars/smallstaron.png" alt=""></div>
			<div class=""><img src="file:///C:/img/stars/smallstaron.png" alt=""></div>
			<div class=""><img src="file:///C:/img/stars/smallstaron.png" alt=""></div>
			<div class="last-star"><img src="file:///C:/img/stars/smallstaron.png" alt=""></div>
			<span>(1)</span>
   	</div></div>

			<div class="cat-price">
            <div class="responsivegriditem__price-label"></div>
                    <span class="cat-price-number">
                        $1.22 each</span>
                <span class="cat-sale-price-container">
                </span>
        </div><div class="cdp-moq">
				</div>
		</div>
	</a>
	<div class="responsivegriditem-bottom">
		<div class="cart-actions clearfix">
			<form id="form-319375" data-product-id="319375" data-is-hidden="false" data-is-disabled="false" data-is-ship-to-home="false" data-max-qty="99" data-remaining-stock="99" data-is-wine-moq-product="false" data-moq-val="1"><div class="quantity-picker">
			<input type="hidden" value="secondchoice">
					<input type="hidden" value="1" id="4061_319375_quantity" data-minstock="1">
				</div>
	<input type="hidden" id="4061_maxQty" value="99">
		<input type="hidden" id="4061_remainingStock" value="99">
		<input type="hidden" id="4061_productId" value="319375">
		<input type="hidden" name="isWineMOQProduct" value="false">
		<input type="hidden" id="4061_moqval" value="1">
			<bootstrap class="vue-instance-init">
			<add-to-bucket :product="{&quot;productAvailableAtContext&quot;:true,&quot;smallImageUrl&quot;:&quot;https://images.heb.com/is/image/HEBGrocery/prd-small/fresh-iceberg-lettuce-000319375.jpg&quot;,&quot;isPrimoPick&quot;:false,&quot;isBestAvailable&quot;:false,&quot;isOnAd&quot;:false,&quot;defaultLevelOneCategory&quot;:&quot;{name=Fruit &amp; Vegetables, id=490020}&quot;,&quot;displayName&quot;:&quot;Fresh Iceberg Lettuce&quot;,&quot;thumbnailMediumImageUrl&quot;:&quot;https://images.heb.com/is/image/HEBGrocery/prd-thumbnail-medium/fresh-iceberg-lettuce-000319375.jpg&quot;,&quot;showOnlineMarketingBug&quot;:false,&quot;pdpUrl&quot;:&quot;/product-detail/fresh-iceberg-lettuce/319375&quot;,&quot;snipes&quot;:[],&quot;defaultBreadCrumb&quot;:[{&quot;displayName&quot;:&quot;Shop&quot;},{&quot;displayName&quot;:&quot;Fruit &amp;amp; Vegetables&quot;},{&quot;displayName&quot;:&quot;Vegetables&quot;},{&quot;displayName&quot;:&quot;Lettuce &amp;amp; Leafy Greens&quot;}],&quot;mediumImageUrl&quot;:&quot;https://images.heb.com/is/image/HEBGrocery/prd-medium/fresh-iceberg-lettuce-000319375.jpg&quot;,&quot;defaultSku&quot;:{&quot;unitWeight&quot;:2.03,&quot;priceInfo&quot;:{&quot;salePrice&quot;:{&quot;unit&quot;:&quot;each&quot;,&quot;formatted&quot;:&quot;$1.22&quot;,&quot;listPriceAmountRounded&quot;:1.22},&quot;priceType&quot;:&quot;EACH&quot;,&quot;listPrice&quot;:{&quot;unit&quot;:&quot;each&quot;,&quot;formatted&quot;:&quot;$1.22&quot;,&quot;listPriceAmountRounded&quot;:1.22}},&quot;thumbnailImageUrl&quot;:&quot;https://images.heb.com/is/image/HEBGrocery/prd-thumbnail/fresh-iceberg-lettuce-000319375.jpg&quot;,&quot;couponIds&quot;:[],&quot;availableCouponIds&quot;:[],&quot;unitOfMeasure&quot;:&quot;EACH&quot;,&quot;displayName&quot;:&quot;Iceberg Lettuce&quot;,&quot;onSale&quot;:false,&quot;sceneSevenImage&quot;:&quot;000319375&quot;,&quot;weightSelectionIncrements&quot;:[],&quot;customerFriendlySize&quot;:&quot;Each&quot;,&quot;id&quot;:&quot;4061&quot;,&quot;customerPurchaseChoice&quot;:&quot;EACH&quot;},&quot;minimumOrderQuantityProduct&quot;:false,&quot;minimumOrderQuantity&quot;:1,&quot;maximumOrderQuantity&quot;:99,&quot;thumbnailImageUrl&quot;:&quot;https://images.heb.com/is/image/HEBGrocery/prd-thumbnail/fresh-iceberg-lettuce-000319375.jpg&quot;,&quot;pricedByWeight&quot;:false,&quot;formattedSalePrice&quot;:&quot;$1.22 each&quot;,&quot;addToCartAllowed&quot;:true,&quot;randomWeight&quot;:false,&quot;addToCartDisabled&quot;:false,&quot;onSale&quot;:false,&quot;id&quot;:&quot;319375&quot;,&quot;brand&quot;:&quot;Fresh&quot;,&quot;ownBrand&quot;:false,&quot;fulfillmentChannel&quot;:5005,&quot;storeAssortment&quot;:{&quot;marketingBugKey&quot;:&quot;&quot;,&quot;marketingBugDescription&quot;:&quot;&quot;,&quot;smallImageMarketingBugUrl&quot;:&quot;&quot;}}" bucket="cart" size="normal" listname="Search Results page" button-type="nonspa"></add-to-bucket>
		</bootstrap>
		<button data-action-requires-cookies="" class="cart-add-list btn btn-list btn-full-width mar-bot-0" title="Add to list" onclick="javascript:displayDropdown(this); return false;">Add to list</button>
							<!-- TODO Get this functionality for the vue version -->
							<div class="atl-container product-record" style="display: none;">
								<div class="atl-container-triangle"></div>
								<ul class="shoppingListSelector">
									<li>
											
											<a onclick="javascript:addToListFromPDP(&#39;319375&#39;, &#39;4061&#39;, &#39;gl9476736530&#39;); return false;" href="file:///C:/Users/Christopher/flask-tutorial/heb_lettuce_search.html#" data-shoppinglistid="gl9476736530">My List</a></li>
									</ul>
							</div>
						</form></div>
	</div>

	<script type="application/ld+json" id="gtm-product-click-319375">
{	
	"event": "e_productClick",
	"ecommerce": {
		"click": {
			"actionField": { "list": "Search Results page" },
			"products": [{ 
				"name": "Fresh Iceberg Lettuce", 
				"id": "319375", 
				"category": "Fruit & Vegetables/Vegetables/Lettuce & Leafy Greens", 
				"brand": "Fresh", 
				"variant": "each",
				"price": 1.22,
				"position": 1, 
				"dimension26": "false",
				"dimension40": "default"
			}]
		}
	}
}
</script>

<script type="application/json" id="gtm-add-to-list-product-319375">
	
	[{
		"event": "e_addToList",
		"ecommerce": {
			"add": {
				"actionField": {"list": "Search Results page"},
				"products": [{	
					"name": "Fresh Iceberg Lettuce", 
					"id": "319375", 
					"category": "Fruit & Vegetables",
					"brand": "Fresh", 
					"variant": "each", 
					"price": 1.22,
					"quantity": 1, 
					"dimension26": "false"
				}]
			}
		}
	}
	
	,{
		"event": "e_productClick",
		"ecommerce": {
			"click": {
				"actionField": {"list": "Search Results page"},
				"products": [{ 
					"name": "Fresh Iceberg Lettuce", 
					"id": "319375", 
					"category": "Fruit & Vegetables",
					"brand": "Fresh", 
					"variant": "each", 
					"price": 1.22,
					"position": 1,
					"dimension25": "product add to list",
					"dimension26": "false",
					"dimension40": "default"
				}]
			}
		}
	}
	
	]
	</script>

<input type="hidden" class="one-to-one-product" value="false"></li><li class="responsivegriditem product-grid-large-fifth product-grid-small-6" role="group">
		<a id="product-985092" href="file:///C:/product-detail/h-e-b-select-ingredients-shredded-lettuce/985092" aria-label="H-E-B Select Ingredients Shredded Lettuce,
		8 oz,
		$1.62 each. Features:  SELECT INGREDIENTS.  Rated 4 out of five stars." class="responsivegriditem__aria-link-wrap">
		<div class="responsivegriditem-top " onclick="gtm_e_productClick(&#39;gtm-product-click-985092&#39;);">

			<div class="cat-feature clearfix">
				<div class="cat-feature-list clearfix">
   		<img src="./heb_lettuce_search_files/snipe-shsi.jpg" title="SELECT INGREDIENTS">
	    		</div></div>
			<div class="cat-list-img gtm-product ">

				<img data-src="https://images.heb.com/is/image/HEBGrocery/prd-small/h-e-b-select-ingredients-shredded-lettuce-000985092.jpg" alt="" class="lazyload"><script type="application/ld+json">
{	
	"name": "H-E-B Select Ingredients Shredded Lettuce", 
	"id": "985092", 
	"category": "Fruit & Vegetables/Vegetables/Lettuce & Leafy Greens",
	"brand": "H-E-B", 
	"variant": "each", 
	"price": 1.62,
	"list": "Search Results page",
	"position": "2",
	"dimension26": "true",
	"dimension40": "default"
}
</script>

</div>
			</div>
	
		<div class="responsivegriditem-middle ">
			<div class="responsivegriditem__title" onclick="gtm_e_productClick(&#39;gtm-product-click-985092&#39;);">
					<span class="responsivegriditem__title">
					H-E-B Select Ingredients Shredded Lettuce, <span class="item-size">8 oz</span></span></div>
			<div class="responsivegriditem__rating-container">
				<div class="cat-star clearfix">
    <div class=""><img src="file:///C:/img/stars/smallstaron.png" alt=""></div>
			<div class=""><img src="file:///C:/img/stars/smallstaron.png" alt=""></div>
			<div class=""><img src="file:///C:/img/stars/smallstaron.png" alt=""></div>
			<div class=""><img src="file:///C:/img/stars/smallstaron.png" alt=""></div>
			<div class="last-star"><img src="file:///C:/img/stars/smallstaroff.png" alt=""></div>
			<span>(1)</span>
   	</div></div>

			<div class="cat-price">
            <div class="responsivegriditem__price-label"></div>
                    <span class="cat-price-number">
                        $1.62 each</span>
                <span class="cat-sale-price-container">
                <span class="uomSalePrice">
                        ($0.21/oz)
                    </span>
                </span>
        </div><div class="cdp-moq">
				</div>
		</div>
	</a>
	<div class="responsivegriditem-bottom">
		<div class="cart-actions clearfix">
			<form id="form-985092" data-product-id="985092" data-is-hidden="false" data-is-disabled="false" data-is-ship-to-home="false" data-max-qty="99" data-remaining-stock="99" data-is-wine-moq-product="false" data-moq-val="1"><div class="quantity-picker">
			<input type="hidden" value="secondchoice">
					<input type="hidden" value="1" id="4122019758_985092_quantity" data-minstock="1">
				</div>
	<input type="hidden" id="4122019758_maxQty" value="99">
		<input type="hidden" id="4122019758_remainingStock" value="99">
		<input type="hidden" id="4122019758_productId" value="985092">
		<input type="hidden" name="isWineMOQProduct" value="false">
		<input type="hidden" id="4122019758_moqval" value="1">
			<bootstrap class="vue-instance-init">
			<add-to-bucket :product="{&quot;productAvailableAtContext&quot;:true,&quot;smallImageUrl&quot;:&quot;https://images.heb.com/is/image/HEBGrocery/prd-small/h-e-b-select-ingredients-shredded-lettuce-000985092.jpg&quot;,&quot;isPrimoPick&quot;:false,&quot;isBestAvailable&quot;:false,&quot;isOnAd&quot;:false,&quot;defaultLevelOneCategory&quot;:&quot;{name=Fruit &amp; Vegetables, id=490020}&quot;,&quot;displayName&quot;:&quot;H-E-B Select Ingredients Shredded Lettuce&quot;,&quot;thumbnailMediumImageUrl&quot;:&quot;https://images.heb.com/is/image/HEBGrocery/prd-thumbnail-medium/h-e-b-select-ingredients-shredded-lettuce-000985092.jpg&quot;,&quot;showOnlineMarketingBug&quot;:false,&quot;pdpUrl&quot;:&quot;/product-detail/h-e-b-select-ingredients-shredded-lettuce/985092&quot;,&quot;snipes&quot;:[{&quot;largeImageUrl&quot;:&quot;https://images.heb.com/is/image/HEBGrocery/snp-large/snipe-shsi.jpg&quot;,&quot;name&quot;:&quot;SELECT INGREDIENTS&quot;,&quot;description&quot;:&quot;With H-E-B® select ingredients, you will enjoy foods with carefully chosen ingredients. We never use high fructose corn syrup or hundreds of other synthetic ingredients that may be used in processed foods. For a complete list of ingredients not allowed in H-E-B® select ingredients and a list of additional products to add to your shopping list visit heb.com/select&quot;,&quot;position&quot;:1,&quot;mediumImageUrl&quot;:&quot;https://images.heb.com/is/image/HEBGrocery/snp-medium/snipe-shsi.jpg&quot;}],&quot;defaultBreadCrumb&quot;:[{&quot;displayName&quot;:&quot;Shop&quot;},{&quot;displayName&quot;:&quot;Fruit &amp;amp; Vegetables&quot;},{&quot;displayName&quot;:&quot;Vegetables&quot;},{&quot;displayName&quot;:&quot;Lettuce &amp;amp; Leafy Greens&quot;}],&quot;mediumImageUrl&quot;:&quot;https://images.heb.com/is/image/HEBGrocery/prd-medium/h-e-b-select-ingredients-shredded-lettuce-000985092.jpg&quot;,&quot;defaultSku&quot;:{&quot;unitWeight&quot;:0.51,&quot;priceInfo&quot;:{&quot;salePrice&quot;:{&quot;unit&quot;:&quot;each&quot;,&quot;formatted&quot;:&quot;$1.62&quot;,&quot;listPriceAmountRounded&quot;:1.62},&quot;priceType&quot;:&quot;EACH&quot;,&quot;listPrice&quot;:{&quot;unit&quot;:&quot;each&quot;,&quot;formatted&quot;:&quot;$1.62&quot;,&quot;listPriceAmountRounded&quot;:1.62}},&quot;thumbnailImageUrl&quot;:&quot;https://images.heb.com/is/image/HEBGrocery/prd-thumbnail/h-e-b-select-ingredients-shredded-lettuce-000985092.jpg&quot;,&quot;couponIds&quot;:[],&quot;availableCouponIds&quot;:[],&quot;unitOfMeasure&quot;:&quot;oz&quot;,&quot;displayName&quot;:&quot;Select Ingredients Shredded Lettuce&quot;,&quot;onSale&quot;:false,&quot;sceneSevenImage&quot;:&quot;000985092&quot;,&quot;weightSelectionIncrements&quot;:[],&quot;customerFriendlySize&quot;:&quot;8 oz&quot;,&quot;id&quot;:&quot;4122019758&quot;,&quot;customerPurchaseChoice&quot;:&quot;EACH&quot;},&quot;minimumOrderQuantityProduct&quot;:false,&quot;minimumOrderQuantity&quot;:1,&quot;maximumOrderQuantity&quot;:99,&quot;thumbnailImageUrl&quot;:&quot;https://images.heb.com/is/image/HEBGrocery/prd-thumbnail/h-e-b-select-ingredients-shredded-lettuce-000985092.jpg&quot;,&quot;pricedByWeight&quot;:false,&quot;formattedSalePrice&quot;:&quot;$1.62 each&quot;,&quot;addToCartAllowed&quot;:true,&quot;randomWeight&quot;:false,&quot;addToCartDisabled&quot;:false,&quot;onSale&quot;:false,&quot;id&quot;:&quot;985092&quot;,&quot;brand&quot;:&quot;H-E-B&quot;,&quot;ownBrand&quot;:true,&quot;fulfillmentChannel&quot;:5005,&quot;storeAssortment&quot;:{&quot;marketingBugKey&quot;:&quot;&quot;,&quot;marketingBugDescription&quot;:&quot;&quot;,&quot;smallImageMarketingBugUrl&quot;:&quot;&quot;}}" bucket="cart" size="normal" listname="Search Results page" button-type="nonspa"></add-to-bucket>
		</bootstrap>
		<button data-action-requires-cookies="" class="cart-add-list btn btn-list btn-full-width mar-bot-0" title="Add to list" onclick="javascript:displayDropdown(this); return false;">Add to list</button>
							<!-- TODO Get this functionality for the vue version -->
							<div class="atl-container product-record" style="display: none;">
								<div class="atl-container-triangle"></div>
								<ul class="shoppingListSelector">
									<li>
											
											<a onclick="javascript:addToListFromPDP(&#39;985092&#39;, &#39;4122019758&#39;, &#39;gl9476736530&#39;); return false;" href="file:///C:/Users/Christopher/flask-tutorial/heb_lettuce_search.html#" data-shoppinglistid="gl9476736530">My List</a></li>
									</ul>
							</div>
						</form></div>
	</div>

	<script type="application/ld+json" id="gtm-product-click-985092">
{	
	"event": "e_productClick",
	"ecommerce": {
		"click": {
			"actionField": { "list": "Search Results page" },
			"products": [{ 
				"name": "H-E-B Select Ingredients Shredded Lettuce", 
				"id": "985092", 
				"category": "Fruit & Vegetables/Vegetables/Lettuce & Leafy Greens", 
				"brand": "H-E-B", 
				"variant": "each",
				"price": 1.62,
				"position": 2, 
				"dimension26": "true",
				"dimension40": "default"
			}]
		}
	}
}
</script>

<script type="application/json" id="gtm-add-to-list-product-985092">
	
	[{
		"event": "e_addToList",
		"ecommerce": {
			"add": {
				"actionField": {"list": "Search Results page"},
				"products": [{	
					"name": "H-E-B Select Ingredients Shredded Lettuce", 
					"id": "985092", 
					"category": "Fruit & Vegetables",
					"brand": "H-E-B", 
					"variant": "each", 
					"price": 1.62,
					"quantity": 1, 
					"dimension26": "true"
				}]
			}
		}
	}
	
	,{
		"event": "e_productClick",
		"ecommerce": {
			"click": {
				"actionField": {"list": "Search Results page"},
				"products": [{ 
					"name": "H-E-B Select Ingredients Shredded Lettuce", 
					"id": "985092", 
					"category": "Fruit & Vegetables",
					"brand": "H-E-B", 
					"variant": "each", 
					"price": 1.62,
					"position": 2,
					"dimension25": "product add to list",
					"dimension26": "true",
					"dimension40": "default"
				}]
			}
		}
	}
	
	]
	</script>

<input type="hidden" class="one-to-one-product" value="false"></li><li class="responsivegriditem product-grid-large-fifth product-grid-small-6" role="group">
		<a id="product-757057" href="file:///C:/product-detail/h-e-b-green-leaf-lettuce-leaves/757057" aria-label="H-E-B Green Leaf Lettuce Leaves,
		7 oz,
		$3.05 each. Features:  SELECT INGREDIENTS. Primo Pick." class="responsivegriditem__aria-link-wrap">
		<div class="responsivegriditem-top " onclick="gtm_e_productClick(&#39;gtm-product-click-757057&#39;);">

			<div class="cat-feature clearfix">
				<img data-src="https://images.heb.com/is/image/HEBGrocery/mkt-small/marketingbug-primopck.jpg" alt="Primo Pick" class="lazyload product-card__flag product-card__flag--product-card__flag--marketing-bug">
					<div class="cat-feature-list clearfix">
   		<img src="./heb_lettuce_search_files/snipe-shsi.jpg" title="SELECT INGREDIENTS">
	    		</div></div>
			<div class="cat-list-img gtm-product ">

				<img data-src="https://images.heb.com/is/image/HEBGrocery/prd-small/h-e-b-green-leaf-lettuce-leaves-000757057.jpg" alt="" class="lazyload"><script type="application/ld+json">
{	
	"name": "H-E-B Green Leaf Lettuce Leaves", 
	"id": "757057", 
	"category": "Fruit & Vegetables/Vegetables/Lettuce & Leafy Greens",
	"brand": "H-E-B", 
	"variant": "each", 
	"price": 3.05,
	"list": "Search Results page",
	"position": "3",
	"dimension26": "true",
	"dimension40": "default"
}
</script>

</div>
			</div>
	
		<div class="responsivegriditem-middle ">
			<div class="responsivegriditem__title" onclick="gtm_e_productClick(&#39;gtm-product-click-757057&#39;);">
					<span class="responsivegriditem__title">
					H-E-B Green Leaf Lettuce Leaves, <span class="item-size">7 oz</span></span></div>
			<div class="responsivegriditem__rating-container">
				<div class="cat-star clearfix">
    <div class=""><img src="file:///C:/img/stars/smallstaroff.png" alt=""></div>
			<div class=""><img src="file:///C:/img/stars/smallstaroff.png" alt=""></div>
			<div class=""><img src="file:///C:/img/stars/smallstaroff.png" alt=""></div>
			<div class=""><img src="file:///C:/img/stars/smallstaroff.png" alt=""></div>
			<div class="last-star"><img src="file:///C:/img/stars/smallstaroff.png" alt=""></div>
			</div></div>

			<div class="cat-price">
            <div class="responsivegriditem__price-label"></div>
                    <span class="cat-price-number">
                        $3.05 each</span>
                <span class="cat-sale-price-container">
                <span class="uomSalePrice">
                        ($0.44/oz)
                    </span>
                </span>
        </div><div class="cdp-moq">
				</div>
		</div>
	</a>
	<div class="responsivegriditem-bottom">
		<div class="cart-actions clearfix">
			<form id="form-757057" data-product-id="757057" data-is-hidden="false" data-is-disabled="false" data-is-ship-to-home="false" data-max-qty="99" data-remaining-stock="99" data-is-wine-moq-product="false" data-moq-val="1"><div class="quantity-picker">
			<input type="hidden" value="secondchoice">
					<input type="hidden" value="1" id="4122017199_757057_quantity" data-minstock="1">
				</div>
	<input type="hidden" id="4122017199_maxQty" value="99">
		<input type="hidden" id="4122017199_remainingStock" value="99">
		<input type="hidden" id="4122017199_productId" value="757057">
		<input type="hidden" name="isWineMOQProduct" value="false">
		<input type="hidden" id="4122017199_moqval" value="1">
			<bootstrap class="vue-instance-init">
			<add-to-bucket :product="{&quot;productAvailableAtContext&quot;:true,&quot;smallImageUrl&quot;:&quot;https://images.heb.com/is/image/HEBGrocery/prd-small/h-e-b-green-leaf-lettuce-leaves-000757057.jpg&quot;,&quot;isPrimoPick&quot;:true,&quot;isBestAvailable&quot;:false,&quot;isOnAd&quot;:false,&quot;defaultLevelOneCategory&quot;:&quot;{name=Fruit &amp; Vegetables, id=490020}&quot;,&quot;displayName&quot;:&quot;H-E-B Green Leaf Lettuce Leaves&quot;,&quot;thumbnailMediumImageUrl&quot;:&quot;https://images.heb.com/is/image/HEBGrocery/prd-thumbnail-medium/h-e-b-green-leaf-lettuce-leaves-000757057.jpg&quot;,&quot;showOnlineMarketingBug&quot;:true,&quot;pdpUrl&quot;:&quot;/product-detail/h-e-b-green-leaf-lettuce-leaves/757057&quot;,&quot;snipes&quot;:[{&quot;largeImageUrl&quot;:&quot;https://images.heb.com/is/image/HEBGrocery/snp-large/snipe-shsi.jpg&quot;,&quot;name&quot;:&quot;SELECT INGREDIENTS&quot;,&quot;description&quot;:&quot;With H-E-B® select ingredients, you will enjoy foods with carefully chosen ingredients. We never use high fructose corn syrup or hundreds of other synthetic ingredients that may be used in processed foods. For a complete list of ingredients not allowed in H-E-B® select ingredients and a list of additional products to add to your shopping list visit heb.com/select&quot;,&quot;position&quot;:1,&quot;mediumImageUrl&quot;:&quot;https://images.heb.com/is/image/HEBGrocery/snp-medium/snipe-shsi.jpg&quot;}],&quot;defaultBreadCrumb&quot;:[{&quot;displayName&quot;:&quot;Shop&quot;},{&quot;displayName&quot;:&quot;Fruit &amp;amp; Vegetables&quot;},{&quot;displayName&quot;:&quot;Vegetables&quot;},{&quot;displayName&quot;:&quot;Lettuce &amp;amp; Leafy Greens&quot;}],&quot;mediumImageUrl&quot;:&quot;https://images.heb.com/is/image/HEBGrocery/prd-medium/h-e-b-green-leaf-lettuce-leaves-000757057.jpg&quot;,&quot;defaultSku&quot;:{&quot;unitWeight&quot;:0.545,&quot;priceInfo&quot;:{&quot;salePrice&quot;:{&quot;unit&quot;:&quot;each&quot;,&quot;formatted&quot;:&quot;$3.05&quot;,&quot;listPriceAmountRounded&quot;:3.05},&quot;priceType&quot;:&quot;EACH&quot;,&quot;listPrice&quot;:{&quot;unit&quot;:&quot;each&quot;,&quot;formatted&quot;:&quot;$3.05&quot;,&quot;listPriceAmountRounded&quot;:3.05}},&quot;thumbnailImageUrl&quot;:&quot;https://images.heb.com/is/image/HEBGrocery/prd-thumbnail/h-e-b-green-leaf-lettuce-leaves-000757057.jpg&quot;,&quot;couponIds&quot;:[],&quot;availableCouponIds&quot;:[],&quot;unitOfMeasure&quot;:&quot;oz&quot;,&quot;displayName&quot;:&quot;Green Leaf Lettuce Leaves&quot;,&quot;onSale&quot;:false,&quot;sceneSevenImage&quot;:&quot;000757057&quot;,&quot;weightSelectionIncrements&quot;:[],&quot;customerFriendlySize&quot;:&quot;7 oz&quot;,&quot;id&quot;:&quot;4122017199&quot;,&quot;customerPurchaseChoice&quot;:&quot;EACH&quot;},&quot;minimumOrderQuantityProduct&quot;:false,&quot;minimumOrderQuantity&quot;:1,&quot;maximumOrderQuantity&quot;:99,&quot;thumbnailImageUrl&quot;:&quot;https://images.heb.com/is/image/HEBGrocery/prd-thumbnail/h-e-b-green-leaf-lettuce-leaves-000757057.jpg&quot;,&quot;pricedByWeight&quot;:false,&quot;formattedSalePrice&quot;:&quot;$3.05 each&quot;,&quot;addToCartAllowed&quot;:true,&quot;randomWeight&quot;:false,&quot;addToCartDisabled&quot;:false,&quot;onSale&quot;:false,&quot;id&quot;:&quot;757057&quot;,&quot;brand&quot;:&quot;H-E-B&quot;,&quot;ownBrand&quot;:true,&quot;fulfillmentChannel&quot;:5005,&quot;storeAssortment&quot;:{&quot;marketingBugKey&quot;:&quot;PRIMOPCK&quot;,&quot;marketingBugDescription&quot;:&quot;Primo Pick&quot;,&quot;smallImageMarketingBugUrl&quot;:&quot;https://images.heb.com/is/image/HEBGrocery/mkt-small/marketingbug-primopck.jpg&quot;}}" bucket="cart" size="normal" listname="Search Results page" button-type="nonspa"></add-to-bucket>
		</bootstrap>
		<button data-action-requires-cookies="" class="cart-add-list btn btn-list btn-full-width mar-bot-0" title="Add to list" onclick="javascript:displayDropdown(this); return false;">Add to list</button>
							<!-- TODO Get this functionality for the vue version -->
							<div class="atl-container product-record" style="display: none;">
								<div class="atl-container-triangle"></div>
								<ul class="shoppingListSelector">
									<li>
											
											<a onclick="javascript:addToListFromPDP(&#39;757057&#39;, &#39;4122017199&#39;, &#39;gl9476736530&#39;); return false;" href="file:///C:/Users/Christopher/flask-tutorial/heb_lettuce_search.html#" data-shoppinglistid="gl9476736530">My List</a></li>
									</ul>
							</div>
						</form></div>
	</div>

	<script type="application/ld+json" id="gtm-product-click-757057">
{	
	"event": "e_productClick",
	"ecommerce": {
		"click": {
			"actionField": { "list": "Search Results page" },
			"products": [{ 
				"name": "H-E-B Green Leaf Lettuce Leaves", 
				"id": "757057", 
				"category": "Fruit & Vegetables/Vegetables/Lettuce & Leafy Greens", 
				"brand": "H-E-B", 
				"variant": "each",
				"price": 3.05,
				"position": 3, 
				"dimension26": "true",
				"dimension40": "default"
			}]
		}
	}
}
</script>

<script type="application/json" id="gtm-add-to-list-product-757057">
	
	[{
		"event": "e_addToList",
		"ecommerce": {
			"add": {
				"actionField": {"list": "Search Results page"},
				"products": [{	
					"name": "H-E-B Green Leaf Lettuce Leaves", 
					"id": "757057", 
					"category": "Fruit & Vegetables",
					"brand": "H-E-B", 
					"variant": "each", 
					"price": 3.05,
					"quantity": 1, 
					"dimension26": "true"
				}]
			}
		}
	}
	
	,{
		"event": "e_productClick",
		"ecommerce": {
			"click": {
				"actionField": {"list": "Search Results page"},
				"products": [{ 
					"name": "H-E-B Green Leaf Lettuce Leaves", 
					"id": "757057", 
					"category": "Fruit & Vegetables",
					"brand": "H-E-B", 
					"variant": "each", 
					"price": 3.05,
					"position": 3,
					"dimension25": "product add to list",
					"dimension26": "true",
					"dimension40": "default"
				}]
			}
		}
	}
	
	]
	</script>

<input type="hidden" class="one-to-one-product" value="false"></li><li class="responsivegriditem product-grid-large-fifth product-grid-small-6" role="group">
		<a id="product-757059" href="file:///C:/product-detail/h-e-b-romaine-lettuce-leaves/757059" aria-label="H-E-B Romaine Lettuce Leaves,
		7 oz,
		$3.05 each. Features:  SELECT INGREDIENTS. Primo Pick. Rated 3 out of five stars." class="responsivegriditem__aria-link-wrap">
		<div class="responsivegriditem-top " onclick="gtm_e_productClick(&#39;gtm-product-click-757059&#39;);">

			<div class="cat-feature clearfix">
				<img data-src="https://images.heb.com/is/image/HEBGrocery/mkt-small/marketingbug-primopck.jpg" alt="Primo Pick" class="lazyload product-card__flag product-card__flag--product-card__flag--marketing-bug">
					<div class="cat-feature-list clearfix">
   		<img src="./heb_lettuce_search_files/snipe-shsi.jpg" title="SELECT INGREDIENTS">
	    		</div></div>
			<div class="cat-list-img gtm-product ">

				<img data-src="https://images.heb.com/is/image/HEBGrocery/prd-small/h-e-b-romaine-lettuce-leaves-000757059.jpg" alt="" class="lazyload"><script type="application/ld+json">
{	
	"name": "H-E-B Romaine Lettuce Leaves", 
	"id": "757059", 
	"category": "Fruit & Vegetables/Vegetables/Lettuce & Leafy Greens",
	"brand": "H-E-B", 
	"variant": "each", 
	"price": 3.05,
	"list": "Search Results page",
	"position": "4",
	"dimension26": "true",
	"dimension40": "default"
}
</script>

</div>
			</div>
	
		<div class="responsivegriditem-middle ">
			<div class="responsivegriditem__title" onclick="gtm_e_productClick(&#39;gtm-product-click-757059&#39;);">
					<span class="responsivegriditem__title">
					H-E-B Romaine Lettuce Leaves, <span class="item-size">7 oz</span></span></div>
			<div class="responsivegriditem__rating-container">
				<div class="cat-star clearfix">
    <div class=""><img src="file:///C:/img/stars/smallstaron.png" alt=""></div>
			<div class=""><img src="file:///C:/img/stars/smallstaron.png" alt=""></div>
			<div class=""><img src="file:///C:/img/stars/smallstaron.png" alt=""></div>
			<div class=""><img src="file:///C:/img/stars/smallstaroff.png" alt=""></div>
			<div class="last-star"><img src="file:///C:/img/stars/smallstaroff.png" alt=""></div>
			<span>(2)</span>
   	</div></div>

			<div class="cat-price">
            <div class="responsivegriditem__price-label"></div>
                    <span class="cat-price-number">
                        $3.05 each</span>
                <span class="cat-sale-price-container">
                <span class="uomSalePrice">
                        ($0.44/oz)
                    </span>
                </span>
        </div><div class="cdp-moq">
				</div>
		</div>
	</a>
	<div class="responsivegriditem-bottom">
		<div class="cart-actions clearfix">
			<form id="form-757059" data-product-id="757059" data-is-hidden="false" data-is-disabled="false" data-is-ship-to-home="false" data-max-qty="99" data-remaining-stock="99" data-is-wine-moq-product="false" data-moq-val="1"><div class="quantity-picker">
			<input type="hidden" value="secondchoice">
					<input type="hidden" value="1" id="4122017200_757059_quantity" data-minstock="1">
				</div>
	<input type="hidden" id="4122017200_maxQty" value="99">
		<input type="hidden" id="4122017200_remainingStock" value="99">
		<input type="hidden" id="4122017200_productId" value="757059">
		<input type="hidden" name="isWineMOQProduct" value="false">
		<input type="hidden" id="4122017200_moqval" value="1">
			<bootstrap class="vue-instance-init">
			<add-to-bucket :product="{&quot;productAvailableAtContext&quot;:true,&quot;smallImageUrl&quot;:&quot;https://images.heb.com/is/image/HEBGrocery/prd-small/h-e-b-romaine-lettuce-leaves-000757059.jpg&quot;,&quot;isPrimoPick&quot;:true,&quot;isBestAvailable&quot;:false,&quot;isOnAd&quot;:false,&quot;defaultLevelOneCategory&quot;:&quot;{name=Fruit &amp; Vegetables, id=490020}&quot;,&quot;displayName&quot;:&quot;H-E-B Romaine Lettuce Leaves&quot;,&quot;thumbnailMediumImageUrl&quot;:&quot;https://images.heb.com/is/image/HEBGrocery/prd-thumbnail-medium/h-e-b-romaine-lettuce-leaves-000757059.jpg&quot;,&quot;showOnlineMarketingBug&quot;:true,&quot;pdpUrl&quot;:&quot;/product-detail/h-e-b-romaine-lettuce-leaves/757059&quot;,&quot;snipes&quot;:[{&quot;largeImageUrl&quot;:&quot;https://images.heb.com/is/image/HEBGrocery/snp-large/snipe-shsi.jpg&quot;,&quot;name&quot;:&quot;SELECT INGREDIENTS&quot;,&quot;description&quot;:&quot;With H-E-B® select ingredients, you will enjoy foods with carefully chosen ingredients. We never use high fructose corn syrup or hundreds of other synthetic ingredients that may be used in processed foods. For a complete list of ingredients not allowed in H-E-B® select ingredients and a list of additional products to add to your shopping list visit heb.com/select&quot;,&quot;position&quot;:1,&quot;mediumImageUrl&quot;:&quot;https://images.heb.com/is/image/HEBGrocery/snp-medium/snipe-shsi.jpg&quot;}],&quot;defaultBreadCrumb&quot;:[{&quot;displayName&quot;:&quot;Shop&quot;},{&quot;displayName&quot;:&quot;Fruit &amp;amp; Vegetables&quot;},{&quot;displayName&quot;:&quot;Vegetables&quot;},{&quot;displayName&quot;:&quot;Lettuce &amp;amp; Leafy Greens&quot;}],&quot;mediumImageUrl&quot;:&quot;https://images.heb.com/is/image/HEBGrocery/prd-medium/h-e-b-romaine-lettuce-leaves-000757059.jpg&quot;,&quot;defaultSku&quot;:{&quot;unitWeight&quot;:0.65,&quot;priceInfo&quot;:{&quot;salePrice&quot;:{&quot;unit&quot;:&quot;each&quot;,&quot;formatted&quot;:&quot;$3.05&quot;,&quot;listPriceAmountRounded&quot;:3.05},&quot;priceType&quot;:&quot;EACH&quot;,&quot;listPrice&quot;:{&quot;unit&quot;:&quot;each&quot;,&quot;formatted&quot;:&quot;$3.05&quot;,&quot;listPriceAmountRounded&quot;:3.05}},&quot;thumbnailImageUrl&quot;:&quot;https://images.heb.com/is/image/HEBGrocery/prd-thumbnail/h-e-b-romaine-lettuce-leaves-000757059.jpg&quot;,&quot;couponIds&quot;:[],&quot;availableCouponIds&quot;:[],&quot;unitOfMeasure&quot;:&quot;oz&quot;,&quot;displayName&quot;:&quot;Romaine Lettuce Leaves&quot;,&quot;onSale&quot;:false,&quot;sceneSevenImage&quot;:&quot;000757059&quot;,&quot;weightSelectionIncrements&quot;:[],&quot;customerFriendlySize&quot;:&quot;7 oz&quot;,&quot;id&quot;:&quot;4122017200&quot;,&quot;customerPurchaseChoice&quot;:&quot;EACH&quot;},&quot;minimumOrderQuantityProduct&quot;:false,&quot;minimumOrderQuantity&quot;:1,&quot;maximumOrderQuantity&quot;:99,&quot;thumbnailImageUrl&quot;:&quot;https://images.heb.com/is/image/HEBGrocery/prd-thumbnail/h-e-b-romaine-lettuce-leaves-000757059.jpg&quot;,&quot;pricedByWeight&quot;:false,&quot;formattedSalePrice&quot;:&quot;$3.05 each&quot;,&quot;addToCartAllowed&quot;:true,&quot;randomWeight&quot;:false,&quot;addToCartDisabled&quot;:false,&quot;onSale&quot;:false,&quot;id&quot;:&quot;757059&quot;,&quot;brand&quot;:&quot;H-E-B&quot;,&quot;ownBrand&quot;:true,&quot;fulfillmentChannel&quot;:5005,&quot;storeAssortment&quot;:{&quot;marketingBugKey&quot;:&quot;PRIMOPCK&quot;,&quot;marketingBugDescription&quot;:&quot;Primo Pick&quot;,&quot;smallImageMarketingBugUrl&quot;:&quot;https://images.heb.com/is/image/HEBGrocery/mkt-small/marketingbug-primopck.jpg&quot;}}" bucket="cart" size="normal" listname="Search Results page" button-type="nonspa"></add-to-bucket>
		</bootstrap>
		<button data-action-requires-cookies="" class="cart-add-list btn btn-list btn-full-width mar-bot-0" title="Add to list" onclick="javascript:displayDropdown(this); return false;">Add to list</button>
							<!-- TODO Get this functionality for the vue version -->
							<div class="atl-container product-record" style="display: none;">
								<div class="atl-container-triangle"></div>
								<ul class="shoppingListSelector">
									<li>
											
											<a onclick="javascript:addToListFromPDP(&#39;757059&#39;, &#39;4122017200&#39;, &#39;gl9476736530&#39;); return false;" href="file:///C:/Users/Christopher/flask-tutorial/heb_lettuce_search.html#" data-shoppinglistid="gl9476736530">My List</a></li>
									</ul>
							</div>
						</form></div>
	</div>

	<script type="application/ld+json" id="gtm-product-click-757059">
{	
	"event": "e_productClick",
	"ecommerce": {
		"click": {
			"actionField": { "list": "Search Results page" },
			"products": [{ 
				"name": "H-E-B Romaine Lettuce Leaves", 
				"id": "757059", 
				"category": "Fruit & Vegetables/Vegetables/Lettuce & Leafy Greens", 
				"brand": "H-E-B", 
				"variant": "each",
				"price": 3.05,
				"position": 4, 
				"dimension26": "true",
				"dimension40": "default"
			}]
		}
	}
}
</script>

<script type="application/json" id="gtm-add-to-list-product-757059">
	
	[{
		"event": "e_addToList",
		"ecommerce": {
			"add": {
				"actionField": {"list": "Search Results page"},
				"products": [{	
					"name": "H-E-B Romaine Lettuce Leaves", 
					"id": "757059", 
					"category": "Fruit & Vegetables",
					"brand": "H-E-B", 
					"variant": "each", 
					"price": 3.05,
					"quantity": 1, 
					"dimension26": "true"
				}]
			}
		}
	}
	
	,{
		"event": "e_productClick",
		"ecommerce": {
			"click": {
				"actionField": {"list": "Search Results page"},
				"products": [{ 
					"name": "H-E-B Romaine Lettuce Leaves", 
					"id": "757059", 
					"category": "Fruit & Vegetables",
					"brand": "H-E-B", 
					"variant": "each", 
					"price": 3.05,
					"position": 4,
					"dimension25": "product add to list",
					"dimension26": "true",
					"dimension40": "default"
				}]
			}
		}
	}
	
	]
	</script>

<input type="hidden" class="one-to-one-product" value="false"></li><li class="responsivegriditem product-grid-large-fifth product-grid-small-6" role="group">
		<a id="product-319730" href="file:///C:/product-detail/h-e-b-romaine-hearts-3-pack/319730" aria-label="H-E-B Romaine Hearts 3 Pack,
		3 ct,
		$2.45 each. Features:  HEART HEALTHY.  SELECT INGREDIENTS.  Rated 4 out of five stars." class="responsivegriditem__aria-link-wrap">
		<div class="responsivegriditem-top " onclick="gtm_e_productClick(&#39;gtm-product-click-319730&#39;);">

			<div class="cat-feature clearfix">
				<div class="cat-feature-list clearfix">
   		<img src="./heb_lettuce_search_files/snipe-shh.jpg" title="HEART HEALTHY">
	    		<img src="./heb_lettuce_search_files/snipe-shsi.jpg" title="SELECT INGREDIENTS">
	    		</div></div>
			<div class="cat-list-img gtm-product ">

				<img data-src="https://images.heb.com/is/image/HEBGrocery/prd-small/h-e-b-romaine-hearts-3-pack-000319730.jpg" alt="" class="lazyload"><script type="application/ld+json">
{	
	"name": "H-E-B Romaine Hearts 3 Pack", 
	"id": "319730", 
	"category": "Fruit & Vegetables/Vegetables/Lettuce & Leafy Greens",
	"brand": "H-E-B", 
	"variant": "each", 
	"price": 2.45,
	"list": "Search Results page",
	"position": "5",
	"dimension26": "false",
	"dimension40": "default"
}
</script>

</div>
			</div>
	
		<div class="responsivegriditem-middle ">
			<div class="responsivegriditem__title" onclick="gtm_e_productClick(&#39;gtm-product-click-319730&#39;);">
					<span class="responsivegriditem__title">
					H-E-B Romaine Hearts 3 Pack, <span class="item-size">3 ct</span></span></div>
			<div class="responsivegriditem__rating-container">
				<div class="cat-star clearfix">
    <div class=""><img src="file:///C:/img/stars/smallstaron.png" alt=""></div>
			<div class=""><img src="file:///C:/img/stars/smallstaron.png" alt=""></div>
			<div class=""><img src="file:///C:/img/stars/smallstaron.png" alt=""></div>
			<div class=""><img src="file:///C:/img/stars/smallstaron.png" alt=""></div>
			<div class="last-star"><img src="file:///C:/img/stars/smallstaroff.png" alt=""></div>
			<span>(1)</span>
   	</div></div>

			<div class="cat-price">
            <div class="responsivegriditem__price-label"></div>
                    <span class="cat-price-number">
                        $2.45 each</span>
                <span class="cat-sale-price-container">
                </span>
        </div><div class="cdp-moq">
				</div>
		</div>
	</a>
	<div class="responsivegriditem-bottom">
		<div class="cart-actions clearfix">
			<form id="form-319730" data-product-id="319730" data-is-hidden="false" data-is-disabled="false" data-is-ship-to-home="false" data-max-qty="99" data-remaining-stock="99" data-is-wine-moq-product="false" data-moq-val="1"><div class="quantity-picker">
			<input type="hidden" value="secondchoice">
					<input type="hidden" value="1" id="4122029944_319730_quantity" data-minstock="1">
				</div>
	<input type="hidden" id="4122029944_maxQty" value="99">
		<input type="hidden" id="4122029944_remainingStock" value="99">
		<input type="hidden" id="4122029944_productId" value="319730">
		<input type="hidden" name="isWineMOQProduct" value="false">
		<input type="hidden" id="4122029944_moqval" value="1">
			<bootstrap class="vue-instance-init">
			<add-to-bucket :product="{&quot;productAvailableAtContext&quot;:true,&quot;smallImageUrl&quot;:&quot;https://images.heb.com/is/image/HEBGrocery/prd-small/h-e-b-romaine-hearts-3-pack-000319730.jpg&quot;,&quot;isPrimoPick&quot;:false,&quot;isBestAvailable&quot;:false,&quot;isOnAd&quot;:false,&quot;defaultLevelOneCategory&quot;:&quot;{name=Fruit &amp; Vegetables, id=490020}&quot;,&quot;displayName&quot;:&quot;H-E-B Romaine Hearts 3 Pack&quot;,&quot;thumbnailMediumImageUrl&quot;:&quot;https://images.heb.com/is/image/HEBGrocery/prd-thumbnail-medium/h-e-b-romaine-hearts-3-pack-000319730.jpg&quot;,&quot;showOnlineMarketingBug&quot;:false,&quot;pdpUrl&quot;:&quot;/product-detail/h-e-b-romaine-hearts-3-pack/319730&quot;,&quot;snipes&quot;:[{&quot;largeImageUrl&quot;:&quot;https://images.heb.com/is/image/HEBGrocery/snp-large/snipe-shh.jpg&quot;,&quot;name&quot;:&quot;HEART HEALTHY&quot;,&quot;description&quot;:&quot;Low in fat, sat. fat, &amp;amp; cholesterol; =600 mg sodium; 10% DV of at least 1: Vit. A, C, Calcium, Iron, Fiber or Protein per serving. While many factors affect heart disease, diets low in saturated fat and cholesterol may reduce the risk of this disease.&quot;,&quot;position&quot;:1,&quot;mediumImageUrl&quot;:&quot;https://images.heb.com/is/image/HEBGrocery/snp-medium/snipe-shh.jpg&quot;},{&quot;largeImageUrl&quot;:&quot;https://images.heb.com/is/image/HEBGrocery/snp-large/snipe-shsi.jpg&quot;,&quot;name&quot;:&quot;SELECT INGREDIENTS&quot;,&quot;description&quot;:&quot;With H-E-B® select ingredients, you will enjoy foods with carefully chosen ingredients. We never use high fructose corn syrup or hundreds of other synthetic ingredients that may be used in processed foods. For a complete list of ingredients not allowed in H-E-B® select ingredients and a list of additional products to add to your shopping list visit heb.com/select&quot;,&quot;position&quot;:1,&quot;mediumImageUrl&quot;:&quot;https://images.heb.com/is/image/HEBGrocery/snp-medium/snipe-shsi.jpg&quot;}],&quot;defaultBreadCrumb&quot;:[{&quot;displayName&quot;:&quot;Shop&quot;},{&quot;displayName&quot;:&quot;Fruit &amp;amp; Vegetables&quot;},{&quot;displayName&quot;:&quot;Vegetables&quot;},{&quot;displayName&quot;:&quot;Lettuce &amp;amp; Leafy Greens&quot;}],&quot;mediumImageUrl&quot;:&quot;https://images.heb.com/is/image/HEBGrocery/prd-medium/h-e-b-romaine-hearts-3-pack-000319730.jpg&quot;,&quot;defaultSku&quot;:{&quot;unitWeight&quot;:2.1,&quot;priceInfo&quot;:{&quot;salePrice&quot;:{&quot;unit&quot;:&quot;each&quot;,&quot;formatted&quot;:&quot;$2.45&quot;,&quot;listPriceAmountRounded&quot;:2.45},&quot;priceType&quot;:&quot;EACH&quot;,&quot;listPrice&quot;:{&quot;unit&quot;:&quot;each&quot;,&quot;formatted&quot;:&quot;$2.45&quot;,&quot;listPriceAmountRounded&quot;:2.45}},&quot;thumbnailImageUrl&quot;:&quot;https://images.heb.com/is/image/HEBGrocery/prd-thumbnail/h-e-b-romaine-hearts-3-pack-000319730.jpg&quot;,&quot;couponIds&quot;:[],&quot;availableCouponIds&quot;:[],&quot;unitOfMeasure&quot;:&quot;EACH&quot;,&quot;displayName&quot;:&quot;ROMAINE HEARTS&quot;,&quot;onSale&quot;:false,&quot;sceneSevenImage&quot;:&quot;000319730&quot;,&quot;weightSelectionIncrements&quot;:[],&quot;customerFriendlySize&quot;:&quot;3 ct&quot;,&quot;id&quot;:&quot;4122029944&quot;,&quot;customerPurchaseChoice&quot;:&quot;EACH&quot;},&quot;minimumOrderQuantityProduct&quot;:false,&quot;minimumOrderQuantity&quot;:1,&quot;maximumOrderQuantity&quot;:99,&quot;thumbnailImageUrl&quot;:&quot;https://images.heb.com/is/image/HEBGrocery/prd-thumbnail/h-e-b-romaine-hearts-3-pack-000319730.jpg&quot;,&quot;pricedByWeight&quot;:false,&quot;formattedSalePrice&quot;:&quot;$2.45 each&quot;,&quot;addToCartAllowed&quot;:true,&quot;randomWeight&quot;:false,&quot;addToCartDisabled&quot;:false,&quot;onSale&quot;:false,&quot;id&quot;:&quot;319730&quot;,&quot;brand&quot;:&quot;H-E-B&quot;,&quot;ownBrand&quot;:false,&quot;fulfillmentChannel&quot;:5005,&quot;storeAssortment&quot;:{&quot;marketingBugKey&quot;:&quot;&quot;,&quot;marketingBugDescription&quot;:&quot;&quot;,&quot;smallImageMarketingBugUrl&quot;:&quot;&quot;}}" bucket="cart" size="normal" listname="Search Results page" button-type="nonspa"></add-to-bucket>
		</bootstrap>
		<button data-action-requires-cookies="" class="cart-add-list btn btn-list btn-full-width mar-bot-0" title="Add to list" onclick="javascript:displayDropdown(this); return false;">Add to list</button>
							<!-- TODO Get this functionality for the vue version -->
							<div class="atl-container product-record" style="display: none;">
								<div class="atl-container-triangle"></div>
								<ul class="shoppingListSelector">
									<li>
											
											<a onclick="javascript:addToListFromPDP(&#39;319730&#39;, &#39;4122029944&#39;, &#39;gl9476736530&#39;); return false;" href="file:///C:/Users/Christopher/flask-tutorial/heb_lettuce_search.html#" data-shoppinglistid="gl9476736530">My List</a></li>
									</ul>
							</div>
						</form></div>
	</div>

	<script type="application/ld+json" id="gtm-product-click-319730">
{	
	"event": "e_productClick",
	"ecommerce": {
		"click": {
			"actionField": { "list": "Search Results page" },
			"products": [{ 
				"name": "H-E-B Romaine Hearts 3 Pack", 
				"id": "319730", 
				"category": "Fruit & Vegetables/Vegetables/Lettuce & Leafy Greens", 
				"brand": "H-E-B", 
				"variant": "each",
				"price": 2.45,
				"position": 5, 
				"dimension26": "false",
				"dimension40": "default"
			}]
		}
	}
}
</script>

<script type="application/json" id="gtm-add-to-list-product-319730">
	
	[{
		"event": "e_addToList",
		"ecommerce": {
			"add": {
				"actionField": {"list": "Search Results page"},
				"products": [{	
					"name": "H-E-B Romaine Hearts 3 Pack", 
					"id": "319730", 
					"category": "Fruit & Vegetables",
					"brand": "H-E-B", 
					"variant": "each", 
					"price": 2.45,
					"quantity": 1, 
					"dimension26": "false"
				}]
			}
		}
	}
	
	,{
		"event": "e_productClick",
		"ecommerce": {
			"click": {
				"actionField": {"list": "Search Results page"},
				"products": [{ 
					"name": "H-E-B Romaine Hearts 3 Pack", 
					"id": "319730", 
					"category": "Fruit & Vegetables",
					"brand": "H-E-B", 
					"variant": "each", 
					"price": 2.45,
					"position": 5,
					"dimension25": "product add to list",
					"dimension26": "false",
					"dimension40": "default"
				}]
			}
		}
	}
	
	]
	</script>

<input type="hidden" class="one-to-one-product" value="false"></li><li class="responsivegriditem product-grid-large-fifth product-grid-small-6" role="group">
		<a id="product-2109622" href="file:///C:/product-detail/h-e-b-select-ingredients-better-burger-leaf-lettuce/2109622" aria-label="H-E-B Select Ingredients Better Burger Leaf Lettuce,
		5 oz,
		$3.07 each. Features:  SELECT INGREDIENTS." class="responsivegriditem__aria-link-wrap">
		<div class="responsivegriditem-top " onclick="gtm_e_productClick(&#39;gtm-product-click-2109622&#39;);">

			<div class="cat-feature clearfix">
				<div class="cat-feature-list clearfix">
   		<img src="./heb_lettuce_search_files/snipe-shsi.jpg" title="SELECT INGREDIENTS">
	    		</div></div>
			<div class="cat-list-img gtm-product ">

				<img data-src="https://images.heb.com/is/image/HEBGrocery/prd-small/h-e-b-select-ingredients-better-burger-leaf-lettuce-002109622.jpg" alt="" class="lazyload"><script type="application/ld+json">
{	
	"name": "H-E-B Select Ingredients Better Burger Leaf Lettuce", 
	"id": "2109622", 
	"category": "Fruit & Vegetables/Vegetables/Lettuce & Leafy Greens",
	"brand": "H-E-B", 
	"variant": "each", 
	"price": 3.07,
	"list": "Search Results page",
	"position": "6",
	"dimension26": "true",
	"dimension40": "default"
}
</script>

</div>
			</div>
	
		<div class="responsivegriditem-middle ">
			<div class="responsivegriditem__title" onclick="gtm_e_productClick(&#39;gtm-product-click-2109622&#39;);">
					<span class="responsivegriditem__title">
					H-E-B Select Ingredients Better Burger Leaf Lettuce, <span class="item-size">5 oz</span></span></div>
			<div class="responsivegriditem__rating-container">
				<div class="cat-star clearfix">
    <div class=""><img src="file:///C:/img/stars/smallstaroff.png" alt=""></div>
			<div class=""><img src="file:///C:/img/stars/smallstaroff.png" alt=""></div>
			<div class=""><img src="file:///C:/img/stars/smallstaroff.png" alt=""></div>
			<div class=""><img src="file:///C:/img/stars/smallstaroff.png" alt=""></div>
			<div class="last-star"><img src="file:///C:/img/stars/smallstaroff.png" alt=""></div>
			</div></div>

			<div class="cat-price">
            <div class="responsivegriditem__price-label"></div>
                    <span class="cat-price-number">
                        $3.07 each</span>
                <span class="cat-sale-price-container">
                <span class="uomSalePrice">
                        ($0.62/oz)
                    </span>
                </span>
        </div><div class="cdp-moq">
				</div>
		</div>
	</a>
	<div class="responsivegriditem-bottom">
		<div class="cart-actions clearfix">
			<form id="form-2109622" data-product-id="2109622" data-is-hidden="false" data-is-disabled="false" data-is-ship-to-home="false" data-max-qty="99" data-remaining-stock="99" data-is-wine-moq-product="false" data-moq-val="1"><div class="quantity-picker">
			<input type="hidden" value="secondchoice">
					<input type="hidden" value="1" id="4122015982_2109622_quantity" data-minstock="1">
				</div>
	<input type="hidden" id="4122015982_maxQty" value="99">
		<input type="hidden" id="4122015982_remainingStock" value="99">
		<input type="hidden" id="4122015982_productId" value="2109622">
		<input type="hidden" name="isWineMOQProduct" value="false">
		<input type="hidden" id="4122015982_moqval" value="1">
			<bootstrap class="vue-instance-init">
			<add-to-bucket :product="{&quot;productAvailableAtContext&quot;:true,&quot;smallImageUrl&quot;:&quot;https://images.heb.com/is/image/HEBGrocery/prd-small/h-e-b-select-ingredients-better-burger-leaf-lettuce-002109622.jpg&quot;,&quot;isPrimoPick&quot;:false,&quot;isBestAvailable&quot;:false,&quot;isOnAd&quot;:false,&quot;defaultLevelOneCategory&quot;:&quot;{name=Fruit &amp; Vegetables, id=490020}&quot;,&quot;displayName&quot;:&quot;H-E-B Select Ingredients Better Burger Leaf Lettuce&quot;,&quot;thumbnailMediumImageUrl&quot;:&quot;https://images.heb.com/is/image/HEBGrocery/prd-thumbnail-medium/h-e-b-select-ingredients-better-burger-leaf-lettuce-002109622.jpg&quot;,&quot;showOnlineMarketingBug&quot;:false,&quot;pdpUrl&quot;:&quot;/product-detail/h-e-b-select-ingredients-better-burger-leaf-lettuce/2109622&quot;,&quot;snipes&quot;:[{&quot;largeImageUrl&quot;:&quot;https://images.heb.com/is/image/HEBGrocery/snp-large/snipe-shsi.jpg&quot;,&quot;name&quot;:&quot;SELECT INGREDIENTS&quot;,&quot;description&quot;:&quot;With H-E-B® select ingredients, you will enjoy foods with carefully chosen ingredients. We never use high fructose corn syrup or hundreds of other synthetic ingredients that may be used in processed foods. For a complete list of ingredients not allowed in H-E-B® select ingredients and a list of additional products to add to your shopping list visit heb.com/select&quot;,&quot;position&quot;:1,&quot;mediumImageUrl&quot;:&quot;https://images.heb.com/is/image/HEBGrocery/snp-medium/snipe-shsi.jpg&quot;}],&quot;defaultBreadCrumb&quot;:[{&quot;displayName&quot;:&quot;Shop&quot;},{&quot;displayName&quot;:&quot;Fruit &amp;amp; Vegetables&quot;},{&quot;displayName&quot;:&quot;Vegetables&quot;},{&quot;displayName&quot;:&quot;Lettuce &amp;amp; Leafy Greens&quot;}],&quot;mediumImageUrl&quot;:&quot;https://images.heb.com/is/image/HEBGrocery/prd-medium/h-e-b-select-ingredients-better-burger-leaf-lettuce-002109622.jpg&quot;,&quot;defaultSku&quot;:{&quot;unitWeight&quot;:0.465,&quot;priceInfo&quot;:{&quot;salePrice&quot;:{&quot;unit&quot;:&quot;each&quot;,&quot;formatted&quot;:&quot;$3.07&quot;,&quot;listPriceAmountRounded&quot;:3.07},&quot;priceType&quot;:&quot;EACH&quot;,&quot;listPrice&quot;:{&quot;unit&quot;:&quot;each&quot;,&quot;formatted&quot;:&quot;$3.07&quot;,&quot;listPriceAmountRounded&quot;:3.07}},&quot;thumbnailImageUrl&quot;:&quot;https://images.heb.com/is/image/HEBGrocery/prd-thumbnail/h-e-b-select-ingredients-better-burger-leaf-lettuce-002109622.jpg&quot;,&quot;couponIds&quot;:[],&quot;availableCouponIds&quot;:[],&quot;unitOfMeasure&quot;:&quot;oz&quot;,&quot;displayName&quot;:&quot;Select Ingredients Better Burger Leaf Lettuce&quot;,&quot;onSale&quot;:false,&quot;sceneSevenImage&quot;:&quot;002109622&quot;,&quot;weightSelectionIncrements&quot;:[],&quot;customerFriendlySize&quot;:&quot;5 oz&quot;,&quot;id&quot;:&quot;4122015982&quot;,&quot;customerPurchaseChoice&quot;:&quot;EACH&quot;},&quot;minimumOrderQuantityProduct&quot;:false,&quot;minimumOrderQuantity&quot;:1,&quot;maximumOrderQuantity&quot;:99,&quot;thumbnailImageUrl&quot;:&quot;https://images.heb.com/is/image/HEBGrocery/prd-thumbnail/h-e-b-select-ingredients-better-burger-leaf-lettuce-002109622.jpg&quot;,&quot;pricedByWeight&quot;:false,&quot;formattedSalePrice&quot;:&quot;$3.07 each&quot;,&quot;addToCartAllowed&quot;:true,&quot;randomWeight&quot;:false,&quot;addToCartDisabled&quot;:false,&quot;onSale&quot;:false,&quot;id&quot;:&quot;2109622&quot;,&quot;brand&quot;:&quot;H-E-B&quot;,&quot;ownBrand&quot;:true,&quot;fulfillmentChannel&quot;:5005,&quot;storeAssortment&quot;:{&quot;marketingBugKey&quot;:&quot;&quot;,&quot;marketingBugDescription&quot;:&quot;&quot;,&quot;smallImageMarketingBugUrl&quot;:&quot;&quot;}}" bucket="cart" size="normal" listname="Search Results page" button-type="nonspa"></add-to-bucket>
		</bootstrap>
		<button data-action-requires-cookies="" class="cart-add-list btn btn-list btn-full-width mar-bot-0" title="Add to list" onclick="javascript:displayDropdown(this); return false;">Add to list</button>
							<!-- TODO Get this functionality for the vue version -->
							<div class="atl-container product-record" style="display: none;">
								<div class="atl-container-triangle"></div>
								<ul class="shoppingListSelector">
									<li>
											
											<a onclick="javascript:addToListFromPDP(&#39;2109622&#39;, &#39;4122015982&#39;, &#39;gl9476736530&#39;); return false;" href="file:///C:/Users/Christopher/flask-tutorial/heb_lettuce_search.html#" data-shoppinglistid="gl9476736530">My List</a></li>
									</ul>
							</div>
						</form></div>
	</div>

	<script type="application/ld+json" id="gtm-product-click-2109622">
{	
	"event": "e_productClick",
	"ecommerce": {
		"click": {
			"actionField": { "list": "Search Results page" },
			"products": [{ 
				"name": "H-E-B Select Ingredients Better Burger Leaf Lettuce", 
				"id": "2109622", 
				"category": "Fruit & Vegetables/Vegetables/Lettuce & Leafy Greens", 
				"brand": "H-E-B", 
				"variant": "each",
				"price": 3.07,
				"position": 6, 
				"dimension26": "true",
				"dimension40": "default"
			}]
		}
	}
}
</script>

<script type="application/json" id="gtm-add-to-list-product-2109622">
	
	[{
		"event": "e_addToList",
		"ecommerce": {
			"add": {
				"actionField": {"list": "Search Results page"},
				"products": [{	
					"name": "H-E-B Select Ingredients Better Burger Leaf Lettuce", 
					"id": "2109622", 
					"category": "Fruit & Vegetables",
					"brand": "H-E-B", 
					"variant": "each", 
					"price": 3.07,
					"quantity": 1, 
					"dimension26": "true"
				}]
			}
		}
	}
	
	,{
		"event": "e_productClick",
		"ecommerce": {
			"click": {
				"actionField": {"list": "Search Results page"},
				"products": [{ 
					"name": "H-E-B Select Ingredients Better Burger Leaf Lettuce", 
					"id": "2109622", 
					"category": "Fruit & Vegetables",
					"brand": "H-E-B", 
					"variant": "each", 
					"price": 3.07,
					"position": 6,
					"dimension25": "product add to list",
					"dimension26": "true",
					"dimension40": "default"
				}]
			}
		}
	}
	
	]
	</script>

<input type="hidden" class="one-to-one-product" value="false"></li><li class="responsivegriditem product-grid-large-fifth product-grid-small-6" role="group">
		<a id="product-895547" href="file:///C:/product-detail/h-e-b-lettuce-scoops/895547" aria-label="H-E-B Lettuce Scoops,
		7 oz,
		$3.05 each. Features:  HEART HEALTHY. Primo Pick. Rated 4.6 out of five stars." class="responsivegriditem__aria-link-wrap">
		<div class="responsivegriditem-top " onclick="gtm_e_productClick(&#39;gtm-product-click-895547&#39;);">

			<div class="cat-feature clearfix">
				<img data-src="https://images.heb.com/is/image/HEBGrocery/mkt-small/marketingbug-primopck.jpg" alt="Primo Pick" class="lazyload product-card__flag product-card__flag--product-card__flag--marketing-bug">
					<div class="cat-feature-list clearfix">
   		<img src="./heb_lettuce_search_files/snipe-shh.jpg" title="HEART HEALTHY">
	    		</div></div>
			<div class="cat-list-img gtm-product ">

				<img data-src="https://images.heb.com/is/image/HEBGrocery/prd-small/h-e-b-lettuce-scoops-000895547.jpg" alt="" class="lazyload"><script type="application/ld+json">
{	
	"name": "H-E-B Lettuce Scoops", 
	"id": "895547", 
	"category": "Fruit & Vegetables/Vegetables/Lettuce & Leafy Greens",
	"brand": "H-E-B", 
	"variant": "each", 
	"price": 3.05,
	"list": "Search Results page",
	"position": "7",
	"dimension26": "true",
	"dimension40": "default"
}
</script>

</div>
			</div>
	
		<div class="responsivegriditem-middle ">
			<div class="responsivegriditem__title" onclick="gtm_e_productClick(&#39;gtm-product-click-895547&#39;);">
					<span class="responsivegriditem__title">
					H-E-B Lettuce Scoops, <span class="item-size">7 oz</span></span></div>
			<div class="responsivegriditem__rating-container">
				<div class="cat-star clearfix">
    <div class=""><img src="file:///C:/img/stars/smallstaron.png" alt=""></div>
			<div class=""><img src="file:///C:/img/stars/smallstaron.png" alt=""></div>
			<div class=""><img src="file:///C:/img/stars/smallstaron.png" alt=""></div>
			<div class=""><img src="file:///C:/img/stars/smallstaron.png" alt=""></div>
			<div class="last-star"><img src="file:///C:/img/stars/smallstaron_75.png" alt=""></div>
			<span>(58)</span>
   	</div></div>

			<div class="cat-price">
            <div class="responsivegriditem__price-label"></div>
                    <span class="cat-price-number">
                        $3.05 each</span>
                <span class="cat-sale-price-container">
                <span class="uomSalePrice">
                        ($0.44/oz)
                    </span>
                </span>
        </div><div class="cdp-moq">
				</div>
		</div>
	</a>
	<div class="responsivegriditem-bottom">
		<div class="cart-actions clearfix">
			<form id="form-895547" data-product-id="895547" data-is-hidden="false" data-is-disabled="false" data-is-ship-to-home="false" data-max-qty="99" data-remaining-stock="99" data-is-wine-moq-product="false" data-moq-val="1"><div class="quantity-picker">
			<input type="hidden" value="secondchoice">
					<input type="hidden" value="1" id="4122018293_895547_quantity" data-minstock="1">
				</div>
	<input type="hidden" id="4122018293_maxQty" value="99">
		<input type="hidden" id="4122018293_remainingStock" value="99">
		<input type="hidden" id="4122018293_productId" value="895547">
		<input type="hidden" name="isWineMOQProduct" value="false">
		<input type="hidden" id="4122018293_moqval" value="1">
			<bootstrap class="vue-instance-init">
			<add-to-bucket :product="{&quot;productAvailableAtContext&quot;:true,&quot;smallImageUrl&quot;:&quot;https://images.heb.com/is/image/HEBGrocery/prd-small/h-e-b-lettuce-scoops-000895547.jpg&quot;,&quot;isPrimoPick&quot;:true,&quot;isBestAvailable&quot;:false,&quot;isOnAd&quot;:false,&quot;defaultLevelOneCategory&quot;:&quot;{name=Fruit &amp; Vegetables, id=490020}&quot;,&quot;displayName&quot;:&quot;H-E-B Lettuce Scoops&quot;,&quot;thumbnailMediumImageUrl&quot;:&quot;https://images.heb.com/is/image/HEBGrocery/prd-thumbnail-medium/h-e-b-lettuce-scoops-000895547.jpg&quot;,&quot;showOnlineMarketingBug&quot;:true,&quot;pdpUrl&quot;:&quot;/product-detail/h-e-b-lettuce-scoops/895547&quot;,&quot;snipes&quot;:[{&quot;largeImageUrl&quot;:&quot;https://images.heb.com/is/image/HEBGrocery/snp-large/snipe-shh.jpg&quot;,&quot;name&quot;:&quot;HEART HEALTHY&quot;,&quot;description&quot;:&quot;Low in fat, sat. fat, &amp;amp; cholesterol; =600 mg sodium; 10% DV of at least 1: Vit. A, C, Calcium, Iron, Fiber or Protein per serving. While many factors affect heart disease, diets low in saturated fat and cholesterol may reduce the risk of this disease.&quot;,&quot;position&quot;:1,&quot;mediumImageUrl&quot;:&quot;https://images.heb.com/is/image/HEBGrocery/snp-medium/snipe-shh.jpg&quot;}],&quot;defaultBreadCrumb&quot;:[{&quot;displayName&quot;:&quot;Shop&quot;},{&quot;displayName&quot;:&quot;Fruit &amp;amp; Vegetables&quot;},{&quot;displayName&quot;:&quot;Vegetables&quot;},{&quot;displayName&quot;:&quot;Lettuce &amp;amp; Leafy Greens&quot;}],&quot;mediumImageUrl&quot;:&quot;https://images.heb.com/is/image/HEBGrocery/prd-medium/h-e-b-lettuce-scoops-000895547.jpg&quot;,&quot;defaultSku&quot;:{&quot;unitWeight&quot;:0.815,&quot;priceInfo&quot;:{&quot;salePrice&quot;:{&quot;unit&quot;:&quot;each&quot;,&quot;formatted&quot;:&quot;$3.05&quot;,&quot;listPriceAmountRounded&quot;:3.05},&quot;priceType&quot;:&quot;EACH&quot;,&quot;listPrice&quot;:{&quot;unit&quot;:&quot;each&quot;,&quot;formatted&quot;:&quot;$3.05&quot;,&quot;listPriceAmountRounded&quot;:3.05}},&quot;thumbnailImageUrl&quot;:&quot;https://images.heb.com/is/image/HEBGrocery/prd-thumbnail/h-e-b-lettuce-scoops-000895547.jpg&quot;,&quot;couponIds&quot;:[],&quot;availableCouponIds&quot;:[],&quot;unitOfMeasure&quot;:&quot;oz&quot;,&quot;displayName&quot;:&quot;Lettuce Scoops&quot;,&quot;onSale&quot;:false,&quot;sceneSevenImage&quot;:&quot;000895547&quot;,&quot;weightSelectionIncrements&quot;:[],&quot;customerFriendlySize&quot;:&quot;7 oz&quot;,&quot;id&quot;:&quot;4122018293&quot;,&quot;customerPurchaseChoice&quot;:&quot;EACH&quot;},&quot;minimumOrderQuantityProduct&quot;:false,&quot;minimumOrderQuantity&quot;:1,&quot;maximumOrderQuantity&quot;:99,&quot;thumbnailImageUrl&quot;:&quot;https://images.heb.com/is/image/HEBGrocery/prd-thumbnail/h-e-b-lettuce-scoops-000895547.jpg&quot;,&quot;pricedByWeight&quot;:false,&quot;formattedSalePrice&quot;:&quot;$3.05 each&quot;,&quot;addToCartAllowed&quot;:true,&quot;randomWeight&quot;:false,&quot;addToCartDisabled&quot;:false,&quot;onSale&quot;:false,&quot;id&quot;:&quot;895547&quot;,&quot;brand&quot;:&quot;H-E-B&quot;,&quot;ownBrand&quot;:true,&quot;fulfillmentChannel&quot;:5005,&quot;storeAssortment&quot;:{&quot;marketingBugKey&quot;:&quot;PRIMOPCK&quot;,&quot;marketingBugDescription&quot;:&quot;Primo Pick&quot;,&quot;smallImageMarketingBugUrl&quot;:&quot;https://images.heb.com/is/image/HEBGrocery/mkt-small/marketingbug-primopck.jpg&quot;}}" bucket="cart" size="normal" listname="Search Results page" button-type="nonspa"></add-to-bucket>
		</bootstrap>
		<button data-action-requires-cookies="" class="cart-add-list btn btn-list btn-full-width mar-bot-0" title="Add to list" onclick="javascript:displayDropdown(this); return false;">Add to list</button>
							<!-- TODO Get this functionality for the vue version -->
							<div class="atl-container product-record" style="display: none;">
								<div class="atl-container-triangle"></div>
								<ul class="shoppingListSelector">
									<li>
											
											<a onclick="javascript:addToListFromPDP(&#39;895547&#39;, &#39;4122018293&#39;, &#39;gl9476736530&#39;); return false;" href="file:///C:/Users/Christopher/flask-tutorial/heb_lettuce_search.html#" data-shoppinglistid="gl9476736530">My List</a></li>
									</ul>
							</div>
						</form></div>
	</div>

	<script type="application/ld+json" id="gtm-product-click-895547">
{	
	"event": "e_productClick",
	"ecommerce": {
		"click": {
			"actionField": { "list": "Search Results page" },
			"products": [{ 
				"name": "H-E-B Lettuce Scoops", 
				"id": "895547", 
				"category": "Fruit & Vegetables/Vegetables/Lettuce & Leafy Greens", 
				"brand": "H-E-B", 
				"variant": "each",
				"price": 3.05,
				"position": 7, 
				"dimension26": "true",
				"dimension40": "default"
			}]
		}
	}
}
</script>

<script type="application/json" id="gtm-add-to-list-product-895547">
	
	[{
		"event": "e_addToList",
		"ecommerce": {
			"add": {
				"actionField": {"list": "Search Results page"},
				"products": [{	
					"name": "H-E-B Lettuce Scoops", 
					"id": "895547", 
					"category": "Fruit & Vegetables",
					"brand": "H-E-B", 
					"variant": "each", 
					"price": 3.05,
					"quantity": 1, 
					"dimension26": "true"
				}]
			}
		}
	}
	
	,{
		"event": "e_productClick",
		"ecommerce": {
			"click": {
				"actionField": {"list": "Search Results page"},
				"products": [{ 
					"name": "H-E-B Lettuce Scoops", 
					"id": "895547", 
					"category": "Fruit & Vegetables",
					"brand": "H-E-B", 
					"variant": "each", 
					"price": 3.05,
					"position": 7,
					"dimension25": "product add to list",
					"dimension26": "true",
					"dimension40": "default"
				}]
			}
		}
	}
	
	]
	</script>

<input type="hidden" class="one-to-one-product" value="false"></li><li class="responsivegriditem product-grid-large-fifth product-grid-small-6" role="group">
		<a id="product-319391" href="file:///C:/product-detail/fresh-green-leaf-lettuce/319391" aria-label="Fresh Green Leaf Lettuce,
		Each,
		$1.79 each." class="responsivegriditem__aria-link-wrap">
		<div class="responsivegriditem-top " onclick="gtm_e_productClick(&#39;gtm-product-click-319391&#39;);">

			<div class="cat-feature clearfix">
				<div class="cat-feature-list clearfix">
   		</div></div>
			<div class="cat-list-img gtm-product ">

				<img data-src="https://images.heb.com/is/image/HEBGrocery/prd-small/fresh-green-leaf-lettuce-000319391.jpg" alt="" class="lazyload"><script type="application/ld+json">
{	
	"name": "Fresh Green Leaf Lettuce", 
	"id": "319391", 
	"category": "Fruit & Vegetables/Vegetables/Lettuce & Leafy Greens",
	"brand": "Fresh", 
	"variant": "each", 
	"price": 1.79,
	"list": "Search Results page",
	"position": "8",
	"dimension26": "false",
	"dimension40": "default"
}
</script>

</div>
			</div>
	
		<div class="responsivegriditem-middle ">
			<div class="responsivegriditem__title" onclick="gtm_e_productClick(&#39;gtm-product-click-319391&#39;);">
					<span class="responsivegriditem__title">
					Fresh Green Leaf Lettuce, <span class="item-size">Each</span></span></div>
			<div class="responsivegriditem__rating-container">
				<div class="cat-star clearfix">
    <div class=""><img src="file:///C:/img/stars/smallstaroff.png" alt=""></div>
			<div class=""><img src="file:///C:/img/stars/smallstaroff.png" alt=""></div>
			<div class=""><img src="file:///C:/img/stars/smallstaroff.png" alt=""></div>
			<div class=""><img src="file:///C:/img/stars/smallstaroff.png" alt=""></div>
			<div class="last-star"><img src="file:///C:/img/stars/smallstaroff.png" alt=""></div>
			</div></div>

			<div class="cat-price">
            <div class="responsivegriditem__price-label"></div>
                    <span class="cat-price-number">
                        $1.79 each</span>
                <span class="cat-sale-price-container">
                </span>
        </div><div class="cdp-moq">
				</div>
		</div>
	</a>
	<div class="responsivegriditem-bottom">
		<div class="cart-actions clearfix">
			<form id="form-319391" data-product-id="319391" data-is-hidden="false" data-is-disabled="false" data-is-ship-to-home="false" data-max-qty="99" data-remaining-stock="99" data-is-wine-moq-product="false" data-moq-val="1"><div class="quantity-picker">
			<input type="hidden" value="secondchoice">
					<input type="hidden" value="1" id="4076_319391_quantity" data-minstock="1">
				</div>
	<input type="hidden" id="4076_maxQty" value="99">
		<input type="hidden" id="4076_remainingStock" value="99">
		<input type="hidden" id="4076_productId" value="319391">
		<input type="hidden" name="isWineMOQProduct" value="false">
		<input type="hidden" id="4076_moqval" value="1">
			<bootstrap class="vue-instance-init">
			<add-to-bucket :product="{&quot;productAvailableAtContext&quot;:true,&quot;smallImageUrl&quot;:&quot;https://images.heb.com/is/image/HEBGrocery/prd-small/fresh-green-leaf-lettuce-000319391.jpg&quot;,&quot;isPrimoPick&quot;:false,&quot;isBestAvailable&quot;:false,&quot;isOnAd&quot;:false,&quot;defaultLevelOneCategory&quot;:&quot;{name=Fruit &amp; Vegetables, id=490020}&quot;,&quot;displayName&quot;:&quot;Fresh Green Leaf Lettuce&quot;,&quot;thumbnailMediumImageUrl&quot;:&quot;https://images.heb.com/is/image/HEBGrocery/prd-thumbnail-medium/fresh-green-leaf-lettuce-000319391.jpg&quot;,&quot;showOnlineMarketingBug&quot;:false,&quot;pdpUrl&quot;:&quot;/product-detail/fresh-green-leaf-lettuce/319391&quot;,&quot;snipes&quot;:[],&quot;defaultBreadCrumb&quot;:[{&quot;displayName&quot;:&quot;Shop&quot;},{&quot;displayName&quot;:&quot;Fruit &amp;amp; Vegetables&quot;},{&quot;displayName&quot;:&quot;Vegetables&quot;},{&quot;displayName&quot;:&quot;Lettuce &amp;amp; Leafy Greens&quot;}],&quot;mediumImageUrl&quot;:&quot;https://images.heb.com/is/image/HEBGrocery/prd-medium/fresh-green-leaf-lettuce-000319391.jpg&quot;,&quot;defaultSku&quot;:{&quot;unitWeight&quot;:0.73,&quot;priceInfo&quot;:{&quot;salePrice&quot;:{&quot;unit&quot;:&quot;each&quot;,&quot;formatted&quot;:&quot;$1.79&quot;,&quot;listPriceAmountRounded&quot;:1.79},&quot;priceType&quot;:&quot;EACH&quot;,&quot;listPrice&quot;:{&quot;unit&quot;:&quot;each&quot;,&quot;formatted&quot;:&quot;$1.79&quot;,&quot;listPriceAmountRounded&quot;:1.79}},&quot;thumbnailImageUrl&quot;:&quot;https://images.heb.com/is/image/HEBGrocery/prd-thumbnail/fresh-green-leaf-lettuce-000319391.jpg&quot;,&quot;couponIds&quot;:[],&quot;availableCouponIds&quot;:[],&quot;unitOfMeasure&quot;:&quot;EACH&quot;,&quot;displayName&quot;:&quot;Green Leaf Lettuce&quot;,&quot;onSale&quot;:false,&quot;sceneSevenImage&quot;:&quot;000319391&quot;,&quot;weightSelectionIncrements&quot;:[],&quot;customerFriendlySize&quot;:&quot;Each&quot;,&quot;id&quot;:&quot;4076&quot;,&quot;customerPurchaseChoice&quot;:&quot;EACH&quot;},&quot;minimumOrderQuantityProduct&quot;:false,&quot;minimumOrderQuantity&quot;:1,&quot;maximumOrderQuantity&quot;:99,&quot;thumbnailImageUrl&quot;:&quot;https://images.heb.com/is/image/HEBGrocery/prd-thumbnail/fresh-green-leaf-lettuce-000319391.jpg&quot;,&quot;pricedByWeight&quot;:false,&quot;formattedSalePrice&quot;:&quot;$1.79 each&quot;,&quot;addToCartAllowed&quot;:true,&quot;randomWeight&quot;:false,&quot;addToCartDisabled&quot;:false,&quot;onSale&quot;:false,&quot;id&quot;:&quot;319391&quot;,&quot;brand&quot;:&quot;Fresh&quot;,&quot;ownBrand&quot;:false,&quot;fulfillmentChannel&quot;:5005,&quot;storeAssortment&quot;:{&quot;marketingBugKey&quot;:&quot;&quot;,&quot;marketingBugDescription&quot;:&quot;&quot;,&quot;smallImageMarketingBugUrl&quot;:&quot;&quot;}}" bucket="cart" size="normal" listname="Search Results page" button-type="nonspa"></add-to-bucket>
		</bootstrap>
		<button data-action-requires-cookies="" class="cart-add-list btn btn-list btn-full-width mar-bot-0" title="Add to list" onclick="javascript:displayDropdown(this); return false;">Add to list</button>
							<!-- TODO Get this functionality for the vue version -->
							<div class="atl-container product-record" style="display: none;">
								<div class="atl-container-triangle"></div>
								<ul class="shoppingListSelector">
									<li>
											
											<a onclick="javascript:addToListFromPDP(&#39;319391&#39;, &#39;4076&#39;, &#39;gl9476736530&#39;); return false;" href="file:///C:/Users/Christopher/flask-tutorial/heb_lettuce_search.html#" data-shoppinglistid="gl9476736530">My List</a></li>
									</ul>
							</div>
						</form></div>
	</div>

	<script type="application/ld+json" id="gtm-product-click-319391">
{	
	"event": "e_productClick",
	"ecommerce": {
		"click": {
			"actionField": { "list": "Search Results page" },
			"products": [{ 
				"name": "Fresh Green Leaf Lettuce", 
				"id": "319391", 
				"category": "Fruit & Vegetables/Vegetables/Lettuce & Leafy Greens", 
				"brand": "Fresh", 
				"variant": "each",
				"price": 1.79,
				"position": 8, 
				"dimension26": "false",
				"dimension40": "default"
			}]
		}
	}
}
</script>

<script type="application/json" id="gtm-add-to-list-product-319391">
	
	[{
		"event": "e_addToList",
		"ecommerce": {
			"add": {
				"actionField": {"list": "Search Results page"},
				"products": [{	
					"name": "Fresh Green Leaf Lettuce", 
					"id": "319391", 
					"category": "Fruit & Vegetables",
					"brand": "Fresh", 
					"variant": "each", 
					"price": 1.79,
					"quantity": 1, 
					"dimension26": "false"
				}]
			}
		}
	}
	
	,{
		"event": "e_productClick",
		"ecommerce": {
			"click": {
				"actionField": {"list": "Search Results page"},
				"products": [{ 
					"name": "Fresh Green Leaf Lettuce", 
					"id": "319391", 
					"category": "Fruit & Vegetables",
					"brand": "Fresh", 
					"variant": "each", 
					"price": 1.79,
					"position": 8,
					"dimension25": "product add to list",
					"dimension26": "false",
					"dimension40": "default"
				}]
			}
		}
	}
	
	]
	</script>

<input type="hidden" class="one-to-one-product" value="false"></li><li class="responsivegriditem product-grid-large-fifth product-grid-small-6" role="group">
		<a id="product-985093" href="file:///C:/product-detail/h-e-b-select-ingredients-garden-salad-blend/985093" aria-label="H-E-B Select Ingredients Garden Salad Blend,
		16 oz,
		$2.04 each. Features:  HEART HEALTHY.  SELECT INGREDIENTS." class="responsivegriditem__aria-link-wrap">
		<div class="responsivegriditem-top " onclick="gtm_e_productClick(&#39;gtm-product-click-985093&#39;);">

			<div class="cat-feature clearfix">
				<div class="cat-feature-list clearfix">
   		<img src="./heb_lettuce_search_files/snipe-shh.jpg" title="HEART HEALTHY">
	    		<img src="./heb_lettuce_search_files/snipe-shsi.jpg" title="SELECT INGREDIENTS">
	    		</div></div>
			<div class="cat-list-img gtm-product ">

				<img data-src="https://images.heb.com/is/image/HEBGrocery/prd-small/h-e-b-select-ingredients-garden-salad-blend-000985093.jpg" alt="" class="lazyload"><script type="application/ld+json">
{	
	"name": "H-E-B Select Ingredients Garden Salad Blend", 
	"id": "985093", 
	"category": "Fruit & Vegetables/Vegetables/Lettuce & Leafy Greens",
	"brand": "H-E-B", 
	"variant": "each", 
	"price": 2.04,
	"list": "Search Results page",
	"position": "9",
	"dimension26": "true",
	"dimension40": "default"
}
</script>

</div>
			</div>
	
		<div class="responsivegriditem-middle ">
			<div class="responsivegriditem__title" onclick="gtm_e_productClick(&#39;gtm-product-click-985093&#39;);">
					<span class="responsivegriditem__title">
					H-E-B Select Ingredients Garden Salad Blend, <span class="item-size">16 oz</span></span></div>
			<div class="responsivegriditem__rating-container">
				<div class="cat-star clearfix">
    <div class=""><img src="file:///C:/img/stars/smallstaroff.png" alt=""></div>
			<div class=""><img src="file:///C:/img/stars/smallstaroff.png" alt=""></div>
			<div class=""><img src="file:///C:/img/stars/smallstaroff.png" alt=""></div>
			<div class=""><img src="file:///C:/img/stars/smallstaroff.png" alt=""></div>
			<div class="last-star"><img src="file:///C:/img/stars/smallstaroff.png" alt=""></div>
			</div></div>

			<div class="cat-price">
            <div class="responsivegriditem__price-label"></div>
                    <span class="cat-price-number">
                        $2.04 each</span>
                <span class="cat-sale-price-container">
                <span class="uomSalePrice">
                        ($0.13/oz)
                    </span>
                </span>
        </div><div class="cdp-moq">
				</div>
		</div>
	</a>
	<div class="responsivegriditem-bottom">
		<div class="cart-actions clearfix">
			<form id="form-985093" data-product-id="985093" data-is-hidden="false" data-is-disabled="false" data-is-ship-to-home="false" data-max-qty="99" data-remaining-stock="99" data-is-wine-moq-product="false" data-moq-val="1"><div class="quantity-picker">
			<input type="hidden" value="secondchoice">
					<input type="hidden" value="1" id="4122019756_985093_quantity" data-minstock="1">
				</div>
	<input type="hidden" id="4122019756_maxQty" value="99">
		<input type="hidden" id="4122019756_remainingStock" value="99">
		<input type="hidden" id="4122019756_productId" value="985093">
		<input type="hidden" name="isWineMOQProduct" value="false">
		<input type="hidden" id="4122019756_moqval" value="1">
			<bootstrap class="vue-instance-init">
			<add-to-bucket :product="{&quot;productAvailableAtContext&quot;:true,&quot;smallImageUrl&quot;:&quot;https://images.heb.com/is/image/HEBGrocery/prd-small/h-e-b-select-ingredients-garden-salad-blend-000985093.jpg&quot;,&quot;isPrimoPick&quot;:false,&quot;isBestAvailable&quot;:false,&quot;isOnAd&quot;:false,&quot;defaultLevelOneCategory&quot;:&quot;{name=Fruit &amp; Vegetables, id=490020}&quot;,&quot;displayName&quot;:&quot;H-E-B Select Ingredients Garden Salad Blend&quot;,&quot;thumbnailMediumImageUrl&quot;:&quot;https://images.heb.com/is/image/HEBGrocery/prd-thumbnail-medium/h-e-b-select-ingredients-garden-salad-blend-000985093.jpg&quot;,&quot;showOnlineMarketingBug&quot;:false,&quot;pdpUrl&quot;:&quot;/product-detail/h-e-b-select-ingredients-garden-salad-blend/985093&quot;,&quot;snipes&quot;:[{&quot;largeImageUrl&quot;:&quot;https://images.heb.com/is/image/HEBGrocery/snp-large/snipe-shh.jpg&quot;,&quot;name&quot;:&quot;HEART HEALTHY&quot;,&quot;description&quot;:&quot;Low in fat, sat. fat, &amp;amp; cholesterol; =600 mg sodium; 10% DV of at least 1: Vit. A, C, Calcium, Iron, Fiber or Protein per serving. While many factors affect heart disease, diets low in saturated fat and cholesterol may reduce the risk of this disease.&quot;,&quot;position&quot;:1,&quot;mediumImageUrl&quot;:&quot;https://images.heb.com/is/image/HEBGrocery/snp-medium/snipe-shh.jpg&quot;},{&quot;largeImageUrl&quot;:&quot;https://images.heb.com/is/image/HEBGrocery/snp-large/snipe-shsi.jpg&quot;,&quot;name&quot;:&quot;SELECT INGREDIENTS&quot;,&quot;description&quot;:&quot;With H-E-B® select ingredients, you will enjoy foods with carefully chosen ingredients. We never use high fructose corn syrup or hundreds of other synthetic ingredients that may be used in processed foods. For a complete list of ingredients not allowed in H-E-B® select ingredients and a list of additional products to add to your shopping list visit heb.com/select&quot;,&quot;position&quot;:1,&quot;mediumImageUrl&quot;:&quot;https://images.heb.com/is/image/HEBGrocery/snp-medium/snipe-shsi.jpg&quot;}],&quot;defaultBreadCrumb&quot;:[{&quot;displayName&quot;:&quot;Shop&quot;},{&quot;displayName&quot;:&quot;Fruit &amp;amp; Vegetables&quot;},{&quot;displayName&quot;:&quot;Vegetables&quot;},{&quot;displayName&quot;:&quot;Lettuce &amp;amp; Leafy Greens&quot;}],&quot;mediumImageUrl&quot;:&quot;https://images.heb.com/is/image/HEBGrocery/prd-medium/h-e-b-select-ingredients-garden-salad-blend-000985093.jpg&quot;,&quot;defaultSku&quot;:{&quot;unitWeight&quot;:1.09,&quot;priceInfo&quot;:{&quot;salePrice&quot;:{&quot;unit&quot;:&quot;each&quot;,&quot;formatted&quot;:&quot;$2.04&quot;,&quot;listPriceAmountRounded&quot;:2.04},&quot;priceType&quot;:&quot;EACH&quot;,&quot;listPrice&quot;:{&quot;unit&quot;:&quot;each&quot;,&quot;formatted&quot;:&quot;$2.04&quot;,&quot;listPriceAmountRounded&quot;:2.04}},&quot;thumbnailImageUrl&quot;:&quot;https://images.heb.com/is/image/HEBGrocery/prd-thumbnail/h-e-b-select-ingredients-garden-salad-blend-000985093.jpg&quot;,&quot;couponIds&quot;:[],&quot;availableCouponIds&quot;:[],&quot;unitOfMeasure&quot;:&quot;oz&quot;,&quot;displayName&quot;:&quot;Select Ingredients Garden Salad Blend&quot;,&quot;onSale&quot;:false,&quot;sceneSevenImage&quot;:&quot;000985093&quot;,&quot;weightSelectionIncrements&quot;:[],&quot;customerFriendlySize&quot;:&quot;16 oz&quot;,&quot;id&quot;:&quot;4122019756&quot;,&quot;customerPurchaseChoice&quot;:&quot;EACH&quot;},&quot;minimumOrderQuantityProduct&quot;:false,&quot;minimumOrderQuantity&quot;:1,&quot;maximumOrderQuantity&quot;:99,&quot;thumbnailImageUrl&quot;:&quot;https://images.heb.com/is/image/HEBGrocery/prd-thumbnail/h-e-b-select-ingredients-garden-salad-blend-000985093.jpg&quot;,&quot;pricedByWeight&quot;:false,&quot;formattedSalePrice&quot;:&quot;$2.04 each&quot;,&quot;addToCartAllowed&quot;:true,&quot;randomWeight&quot;:false,&quot;addToCartDisabled&quot;:false,&quot;onSale&quot;:false,&quot;id&quot;:&quot;985093&quot;,&quot;brand&quot;:&quot;H-E-B&quot;,&quot;ownBrand&quot;:true,&quot;fulfillmentChannel&quot;:5005,&quot;storeAssortment&quot;:{&quot;marketingBugKey&quot;:&quot;&quot;,&quot;marketingBugDescription&quot;:&quot;&quot;,&quot;smallImageMarketingBugUrl&quot;:&quot;&quot;}}" bucket="cart" size="normal" listname="Search Results page" button-type="nonspa"></add-to-bucket>
		</bootstrap>
		<button data-action-requires-cookies="" class="cart-add-list btn btn-list btn-full-width mar-bot-0" title="Add to list" onclick="javascript:displayDropdown(this); return false;">Add to list</button>
							<!-- TODO Get this functionality for the vue version -->
							<div class="atl-container product-record" style="display: none;">
								<div class="atl-container-triangle"></div>
								<ul class="shoppingListSelector">
									<li>
											
											<a onclick="javascript:addToListFromPDP(&#39;985093&#39;, &#39;4122019756&#39;, &#39;gl9476736530&#39;); return false;" href="file:///C:/Users/Christopher/flask-tutorial/heb_lettuce_search.html#" data-shoppinglistid="gl9476736530">My List</a></li>
									</ul>
							</div>
						</form></div>
	</div>

	<script type="application/ld+json" id="gtm-product-click-985093">
{	
	"event": "e_productClick",
	"ecommerce": {
		"click": {
			"actionField": { "list": "Search Results page" },
			"products": [{ 
				"name": "H-E-B Select Ingredients Garden Salad Blend", 
				"id": "985093", 
				"category": "Fruit & Vegetables/Vegetables/Lettuce & Leafy Greens", 
				"brand": "H-E-B", 
				"variant": "each",
				"price": 2.04,
				"position": 9, 
				"dimension26": "true",
				"dimension40": "default"
			}]
		}
	}
}
</script>

<script type="application/json" id="gtm-add-to-list-product-985093">
	
	[{
		"event": "e_addToList",
		"ecommerce": {
			"add": {
				"actionField": {"list": "Search Results page"},
				"products": [{	
					"name": "H-E-B Select Ingredients Garden Salad Blend", 
					"id": "985093", 
					"category": "Fruit & Vegetables",
					"brand": "H-E-B", 
					"variant": "each", 
					"price": 2.04,
					"quantity": 1, 
					"dimension26": "true"
				}]
			}
		}
	}
	
	,{
		"event": "e_productClick",
		"ecommerce": {
			"click": {
				"actionField": {"list": "Search Results page"},
				"products": [{ 
					"name": "H-E-B Select Ingredients Garden Salad Blend", 
					"id": "985093", 
					"category": "Fruit & Vegetables",
					"brand": "H-E-B", 
					"variant": "each", 
					"price": 2.04,
					"position": 9,
					"dimension25": "product add to list",
					"dimension26": "true",
					"dimension40": "default"
				}]
			}
		}
	}
	
	]
	</script>

<input type="hidden" class="one-to-one-product" value="false"></li><li class="responsivegriditem product-grid-large-fifth product-grid-small-6" role="group">
		<a id="product-660605" href="file:///C:/product-detail/fresh-romaine-lettuce/660605" aria-label="Fresh Romaine Lettuce,
		Each,
		$1.79 each. Rated 1 out of five stars." class="responsivegriditem__aria-link-wrap">
		<div class="responsivegriditem-top " onclick="gtm_e_productClick(&#39;gtm-product-click-660605&#39;);">

			<div class="cat-feature clearfix">
				<div class="cat-feature-list clearfix">
   		</div></div>
			<div class="cat-list-img gtm-product ">

				<img data-src="https://images.heb.com/is/image/HEBGrocery/prd-small/fresh-romaine-lettuce-000660605.jpg" alt="" class="lazyload"><script type="application/ld+json">
{	
	"name": "Fresh Romaine Lettuce", 
	"id": "660605", 
	"category": "Fruit & Vegetables/Vegetables/Lettuce & Leafy Greens",
	"brand": "Fresh", 
	"variant": "each", 
	"price": 1.79,
	"list": "Search Results page",
	"position": "10",
	"dimension26": "false",
	"dimension40": "default"
}
</script>

</div>
			</div>
	
		<div class="responsivegriditem-middle ">
			<div class="responsivegriditem__title" onclick="gtm_e_productClick(&#39;gtm-product-click-660605&#39;);">
					<span class="responsivegriditem__title">
					Fresh Romaine Lettuce, <span class="item-size">Each</span></span></div>
			<div class="responsivegriditem__rating-container">
				<div class="cat-star clearfix">
    <div class=""><img src="file:///C:/img/stars/smallstaron.png" alt=""></div>
			<div class=""><img src="file:///C:/img/stars/smallstaroff.png" alt=""></div>
			<div class=""><img src="file:///C:/img/stars/smallstaroff.png" alt=""></div>
			<div class=""><img src="file:///C:/img/stars/smallstaroff.png" alt=""></div>
			<div class="last-star"><img src="file:///C:/img/stars/smallstaroff.png" alt=""></div>
			<span>(1)</span>
   	</div></div>

			<div class="cat-price">
            <div class="responsivegriditem__price-label"></div>
                    <span class="cat-price-number">
                        $1.79 each</span>
                <span class="cat-sale-price-container">
                </span>
        </div><div class="cdp-moq">
				</div>
		</div>
	</a>
	<div class="responsivegriditem-bottom">
		<div class="cart-actions clearfix">
			<form id="form-660605" data-product-id="660605" data-is-hidden="false" data-is-disabled="false" data-is-ship-to-home="false" data-max-qty="99" data-remaining-stock="99" data-is-wine-moq-product="false" data-moq-val="1"><div class="quantity-picker">
			<input type="hidden" value="secondchoice">
					<input type="hidden" value="1" id="4640_660605_quantity" data-minstock="1">
				</div>
	<input type="hidden" id="4640_maxQty" value="99">
		<input type="hidden" id="4640_remainingStock" value="99">
		<input type="hidden" id="4640_productId" value="660605">
		<input type="hidden" name="isWineMOQProduct" value="false">
		<input type="hidden" id="4640_moqval" value="1">
			<bootstrap class="vue-instance-init">
			<add-to-bucket :product="{&quot;productAvailableAtContext&quot;:true,&quot;smallImageUrl&quot;:&quot;https://images.heb.com/is/image/HEBGrocery/prd-small/fresh-romaine-lettuce-000660605.jpg&quot;,&quot;isPrimoPick&quot;:false,&quot;isBestAvailable&quot;:false,&quot;isOnAd&quot;:false,&quot;defaultLevelOneCategory&quot;:&quot;{name=Fruit &amp; Vegetables, id=490020}&quot;,&quot;displayName&quot;:&quot;Fresh Romaine Lettuce&quot;,&quot;thumbnailMediumImageUrl&quot;:&quot;https://images.heb.com/is/image/HEBGrocery/prd-thumbnail-medium/fresh-romaine-lettuce-000660605.jpg&quot;,&quot;showOnlineMarketingBug&quot;:false,&quot;pdpUrl&quot;:&quot;/product-detail/fresh-romaine-lettuce/660605&quot;,&quot;snipes&quot;:[],&quot;defaultBreadCrumb&quot;:[{&quot;displayName&quot;:&quot;Shop&quot;},{&quot;displayName&quot;:&quot;Fruit &amp;amp; Vegetables&quot;},{&quot;displayName&quot;:&quot;Vegetables&quot;},{&quot;displayName&quot;:&quot;Lettuce &amp;amp; Leafy Greens&quot;}],&quot;mediumImageUrl&quot;:&quot;https://images.heb.com/is/image/HEBGrocery/prd-medium/fresh-romaine-lettuce-000660605.jpg&quot;,&quot;defaultSku&quot;:{&quot;unitWeight&quot;:1.21,&quot;priceInfo&quot;:{&quot;salePrice&quot;:{&quot;unit&quot;:&quot;each&quot;,&quot;formatted&quot;:&quot;$1.79&quot;,&quot;listPriceAmountRounded&quot;:1.79},&quot;priceType&quot;:&quot;EACH&quot;,&quot;listPrice&quot;:{&quot;unit&quot;:&quot;each&quot;,&quot;formatted&quot;:&quot;$1.79&quot;,&quot;listPriceAmountRounded&quot;:1.79}},&quot;thumbnailImageUrl&quot;:&quot;https://images.heb.com/is/image/HEBGrocery/prd-thumbnail/fresh-romaine-lettuce-000660605.jpg&quot;,&quot;couponIds&quot;:[],&quot;availableCouponIds&quot;:[],&quot;unitOfMeasure&quot;:&quot;EACH&quot;,&quot;displayName&quot;:&quot;Romaine Lettuce&quot;,&quot;onSale&quot;:false,&quot;sceneSevenImage&quot;:&quot;000660605&quot;,&quot;weightSelectionIncrements&quot;:[],&quot;customerFriendlySize&quot;:&quot;Each&quot;,&quot;id&quot;:&quot;4640&quot;,&quot;customerPurchaseChoice&quot;:&quot;EACH&quot;},&quot;minimumOrderQuantityProduct&quot;:false,&quot;minimumOrderQuantity&quot;:1,&quot;maximumOrderQuantity&quot;:99,&quot;thumbnailImageUrl&quot;:&quot;https://images.heb.com/is/image/HEBGrocery/prd-thumbnail/fresh-romaine-lettuce-000660605.jpg&quot;,&quot;pricedByWeight&quot;:false,&quot;formattedSalePrice&quot;:&quot;$1.79 each&quot;,&quot;addToCartAllowed&quot;:true,&quot;randomWeight&quot;:false,&quot;addToCartDisabled&quot;:false,&quot;onSale&quot;:false,&quot;id&quot;:&quot;660605&quot;,&quot;brand&quot;:&quot;Fresh&quot;,&quot;ownBrand&quot;:false,&quot;fulfillmentChannel&quot;:5005,&quot;storeAssortment&quot;:{&quot;marketingBugKey&quot;:&quot;&quot;,&quot;marketingBugDescription&quot;:&quot;&quot;,&quot;smallImageMarketingBugUrl&quot;:&quot;&quot;}}" bucket="cart" size="normal" listname="Search Results page" button-type="nonspa"></add-to-bucket>
		</bootstrap>
		<button data-action-requires-cookies="" class="cart-add-list btn btn-list btn-full-width mar-bot-0" title="Add to list" onclick="javascript:displayDropdown(this); return false;">Add to list</button>
							<!-- TODO Get this functionality for the vue version -->
							<div class="atl-container product-record" style="display: none;">
								<div class="atl-container-triangle"></div>
								<ul class="shoppingListSelector">
									<li>
											
											<a onclick="javascript:addToListFromPDP(&#39;660605&#39;, &#39;4640&#39;, &#39;gl9476736530&#39;); return false;" href="file:///C:/Users/Christopher/flask-tutorial/heb_lettuce_search.html#" data-shoppinglistid="gl9476736530">My List</a></li>
									</ul>
							</div>
						</form></div>
	</div>

	<script type="application/ld+json" id="gtm-product-click-660605">
{	
	"event": "e_productClick",
	"ecommerce": {
		"click": {
			"actionField": { "list": "Search Results page" },
			"products": [{ 
				"name": "Fresh Romaine Lettuce", 
				"id": "660605", 
				"category": "Fruit & Vegetables/Vegetables/Lettuce & Leafy Greens", 
				"brand": "Fresh", 
				"variant": "each",
				"price": 1.79,
				"position": 10, 
				"dimension26": "false",
				"dimension40": "default"
			}]
		}
	}
}
</script>

<script type="application/json" id="gtm-add-to-list-product-660605">
	
	[{
		"event": "e_addToList",
		"ecommerce": {
			"add": {
				"actionField": {"list": "Search Results page"},
				"products": [{	
					"name": "Fresh Romaine Lettuce", 
					"id": "660605", 
					"category": "Fruit & Vegetables",
					"brand": "Fresh", 
					"variant": "each", 
					"price": 1.79,
					"quantity": 1, 
					"dimension26": "false"
				}]
			}
		}
	}
	
	,{
		"event": "e_productClick",
		"ecommerce": {
			"click": {
				"actionField": {"list": "Search Results page"},
				"products": [{ 
					"name": "Fresh Romaine Lettuce", 
					"id": "660605", 
					"category": "Fruit & Vegetables",
					"brand": "Fresh", 
					"variant": "each", 
					"price": 1.79,
					"position": 10,
					"dimension25": "product add to list",
					"dimension26": "false",
					"dimension40": "default"
				}]
			}
		}
	}
	
	]
	</script>

<input type="hidden" class="one-to-one-product" value="false"></li><li class="responsivegriditem product-grid-large-fifth product-grid-small-6" role="group">
		<a id="product-1277321" href="file:///C:/product-detail/h-e-b-select-ingredients-iceberg-and-romaine-blend/1277321" aria-label="H-E-B Select Ingredients Iceberg and Romaine Blend,
		12 oz,
		$3.07 each. Features:  HEART HEALTHY." class="responsivegriditem__aria-link-wrap">
		<div class="responsivegriditem-top " onclick="gtm_e_productClick(&#39;gtm-product-click-1277321&#39;);">

			<div class="cat-feature clearfix">
				<div class="cat-feature-list clearfix">
   		<img src="./heb_lettuce_search_files/snipe-shh.jpg" title="HEART HEALTHY">
	    		</div></div>
			<div class="cat-list-img gtm-product ">

				<img data-src="https://images.heb.com/is/image/HEBGrocery/prd-small/h-e-b-select-ingredients-iceberg-and-romaine-blend-001277321.jpg" alt="" class="lazyload"><script type="application/ld+json">
{	
	"name": "H-E-B Select Ingredients Iceberg and Romaine Blend", 
	"id": "1277321", 
	"category": "Fruit & Vegetables/Vegetables/Lettuce & Leafy Greens",
	"brand": "H-E-B", 
	"variant": "each", 
	"price": 3.07,
	"list": "Search Results page",
	"position": "11",
	"dimension26": "true",
	"dimension40": "default"
}
</script>

</div>
			</div>
	
		<div class="responsivegriditem-middle ">
			<div class="responsivegriditem__title" onclick="gtm_e_productClick(&#39;gtm-product-click-1277321&#39;);">
					<span class="responsivegriditem__title">
					H-E-B Select Ingredients Iceberg and Romaine Blend, <span class="item-size">12 oz</span></span></div>
			<div class="responsivegriditem__rating-container">
				<div class="cat-star clearfix">
    <div class=""><img src="file:///C:/img/stars/smallstaroff.png" alt=""></div>
			<div class=""><img src="file:///C:/img/stars/smallstaroff.png" alt=""></div>
			<div class=""><img src="file:///C:/img/stars/smallstaroff.png" alt=""></div>
			<div class=""><img src="file:///C:/img/stars/smallstaroff.png" alt=""></div>
			<div class="last-star"><img src="file:///C:/img/stars/smallstaroff.png" alt=""></div>
			</div></div>

			<div class="cat-price">
            <div class="responsivegriditem__price-label"></div>
                    <span class="cat-price-number">
                        $3.07 each</span>
                <span class="cat-sale-price-container">
                <span class="uomSalePrice">
                        ($0.26/oz)
                    </span>
                </span>
        </div><div class="cdp-moq">
				</div>
		</div>
	</a>
	<div class="responsivegriditem-bottom">
		<div class="cart-actions clearfix">
			<form id="form-1277321" data-product-id="1277321" data-is-hidden="false" data-is-disabled="false" data-is-ship-to-home="false" data-max-qty="99" data-remaining-stock="99" data-is-wine-moq-product="false" data-moq-val="1"><div class="quantity-picker">
			<input type="hidden" value="secondchoice">
					<input type="hidden" value="1" id="4122079781_1277321_quantity" data-minstock="1">
				</div>
	<input type="hidden" id="4122079781_maxQty" value="99">
		<input type="hidden" id="4122079781_remainingStock" value="99">
		<input type="hidden" id="4122079781_productId" value="1277321">
		<input type="hidden" name="isWineMOQProduct" value="false">
		<input type="hidden" id="4122079781_moqval" value="1">
			<bootstrap class="vue-instance-init">
			<add-to-bucket :product="{&quot;productAvailableAtContext&quot;:true,&quot;smallImageUrl&quot;:&quot;https://images.heb.com/is/image/HEBGrocery/prd-small/h-e-b-select-ingredients-iceberg-and-romaine-blend-001277321.jpg&quot;,&quot;isPrimoPick&quot;:false,&quot;isBestAvailable&quot;:false,&quot;isOnAd&quot;:false,&quot;defaultLevelOneCategory&quot;:&quot;{name=Fruit &amp; Vegetables, id=490020}&quot;,&quot;displayName&quot;:&quot;H-E-B Select Ingredients Iceberg and Romaine Blend&quot;,&quot;thumbnailMediumImageUrl&quot;:&quot;https://images.heb.com/is/image/HEBGrocery/prd-thumbnail-medium/h-e-b-select-ingredients-iceberg-and-romaine-blend-001277321.jpg&quot;,&quot;showOnlineMarketingBug&quot;:false,&quot;pdpUrl&quot;:&quot;/product-detail/h-e-b-select-ingredients-iceberg-and-romaine-blend/1277321&quot;,&quot;snipes&quot;:[{&quot;largeImageUrl&quot;:&quot;https://images.heb.com/is/image/HEBGrocery/snp-large/snipe-shh.jpg&quot;,&quot;name&quot;:&quot;HEART HEALTHY&quot;,&quot;description&quot;:&quot;Low in fat, sat. fat, &amp;amp; cholesterol; =600 mg sodium; 10% DV of at least 1: Vit. A, C, Calcium, Iron, Fiber or Protein per serving. While many factors affect heart disease, diets low in saturated fat and cholesterol may reduce the risk of this disease.&quot;,&quot;position&quot;:1,&quot;mediumImageUrl&quot;:&quot;https://images.heb.com/is/image/HEBGrocery/snp-medium/snipe-shh.jpg&quot;}],&quot;defaultBreadCrumb&quot;:[{&quot;displayName&quot;:&quot;Shop&quot;},{&quot;displayName&quot;:&quot;Fruit &amp;amp; Vegetables&quot;},{&quot;displayName&quot;:&quot;Vegetables&quot;},{&quot;displayName&quot;:&quot;Lettuce &amp;amp; Leafy Greens&quot;}],&quot;mediumImageUrl&quot;:&quot;https://images.heb.com/is/image/HEBGrocery/prd-medium/h-e-b-select-ingredients-iceberg-and-romaine-blend-001277321.jpg&quot;,&quot;defaultSku&quot;:{&quot;unitWeight&quot;:0.8,&quot;priceInfo&quot;:{&quot;salePrice&quot;:{&quot;unit&quot;:&quot;each&quot;,&quot;formatted&quot;:&quot;$3.07&quot;,&quot;listPriceAmountRounded&quot;:3.07},&quot;priceType&quot;:&quot;EACH&quot;,&quot;listPrice&quot;:{&quot;unit&quot;:&quot;each&quot;,&quot;formatted&quot;:&quot;$3.07&quot;,&quot;listPriceAmountRounded&quot;:3.07}},&quot;thumbnailImageUrl&quot;:&quot;https://images.heb.com/is/image/HEBGrocery/prd-thumbnail/h-e-b-select-ingredients-iceberg-and-romaine-blend-001277321.jpg&quot;,&quot;couponIds&quot;:[],&quot;availableCouponIds&quot;:[],&quot;unitOfMeasure&quot;:&quot;oz&quot;,&quot;displayName&quot;:&quot;Select Ingredients Iceberg and Romaine Blend&quot;,&quot;onSale&quot;:false,&quot;sceneSevenImage&quot;:&quot;001277321&quot;,&quot;weightSelectionIncrements&quot;:[],&quot;customerFriendlySize&quot;:&quot;12 oz&quot;,&quot;id&quot;:&quot;4122079781&quot;,&quot;customerPurchaseChoice&quot;:&quot;EACH&quot;},&quot;minimumOrderQuantityProduct&quot;:false,&quot;minimumOrderQuantity&quot;:1,&quot;maximumOrderQuantity&quot;:99,&quot;thumbnailImageUrl&quot;:&quot;https://images.heb.com/is/image/HEBGrocery/prd-thumbnail/h-e-b-select-ingredients-iceberg-and-romaine-blend-001277321.jpg&quot;,&quot;pricedByWeight&quot;:false,&quot;formattedSalePrice&quot;:&quot;$3.07 each&quot;,&quot;addToCartAllowed&quot;:true,&quot;randomWeight&quot;:false,&quot;addToCartDisabled&quot;:false,&quot;onSale&quot;:false,&quot;id&quot;:&quot;1277321&quot;,&quot;brand&quot;:&quot;H-E-B&quot;,&quot;ownBrand&quot;:true,&quot;fulfillmentChannel&quot;:5005,&quot;storeAssortment&quot;:{&quot;marketingBugKey&quot;:&quot;&quot;,&quot;marketingBugDescription&quot;:&quot;&quot;,&quot;smallImageMarketingBugUrl&quot;:&quot;&quot;}}" bucket="cart" size="normal" listname="Search Results page" button-type="nonspa"></add-to-bucket>
		</bootstrap>
		<button data-action-requires-cookies="" class="cart-add-list btn btn-list btn-full-width mar-bot-0" title="Add to list" onclick="javascript:displayDropdown(this); return false;">Add to list</button>
							<!-- TODO Get this functionality for the vue version -->
							<div class="atl-container product-record" style="display: none;">
								<div class="atl-container-triangle"></div>
								<ul class="shoppingListSelector">
									<li>
											
											<a onclick="javascript:addToListFromPDP(&#39;1277321&#39;, &#39;4122079781&#39;, &#39;gl9476736530&#39;); return false;" href="file:///C:/Users/Christopher/flask-tutorial/heb_lettuce_search.html#" data-shoppinglistid="gl9476736530">My List</a></li>
									</ul>
							</div>
						</form></div>
	</div>

	<script type="application/ld+json" id="gtm-product-click-1277321">
{	
	"event": "e_productClick",
	"ecommerce": {
		"click": {
			"actionField": { "list": "Search Results page" },
			"products": [{ 
				"name": "H-E-B Select Ingredients Iceberg and Romaine Blend", 
				"id": "1277321", 
				"category": "Fruit & Vegetables/Vegetables/Lettuce & Leafy Greens", 
				"brand": "H-E-B", 
				"variant": "each",
				"price": 3.07,
				"position": 11, 
				"dimension26": "true",
				"dimension40": "default"
			}]
		}
	}
}
</script>

<script type="application/json" id="gtm-add-to-list-product-1277321">
	
	[{
		"event": "e_addToList",
		"ecommerce": {
			"add": {
				"actionField": {"list": "Search Results page"},
				"products": [{	
					"name": "H-E-B Select Ingredients Iceberg and Romaine Blend", 
					"id": "1277321", 
					"category": "Fruit & Vegetables",
					"brand": "H-E-B", 
					"variant": "each", 
					"price": 3.07,
					"quantity": 1, 
					"dimension26": "true"
				}]
			}
		}
	}
	
	,{
		"event": "e_productClick",
		"ecommerce": {
			"click": {
				"actionField": {"list": "Search Results page"},
				"products": [{ 
					"name": "H-E-B Select Ingredients Iceberg and Romaine Blend", 
					"id": "1277321", 
					"category": "Fruit & Vegetables",
					"brand": "H-E-B", 
					"variant": "each", 
					"price": 3.07,
					"position": 11,
					"dimension25": "product add to list",
					"dimension26": "true",
					"dimension40": "default"
				}]
			}
		}
	}
	
	]
	</script>

<input type="hidden" class="one-to-one-product" value="false"></li><li class="responsivegriditem product-grid-large-fifth product-grid-small-6" role="group">
		<a id="product-1119799" href="file:///C:/product-detail/h-e-b-select-ingredients-nbsp-classic-romaine/1119799" aria-label="H-E-B Select Ingredients Classic Romaine,
		10 oz,
		$2.27 each. Features:  HEART HEALTHY.  SELECT INGREDIENTS." class="responsivegriditem__aria-link-wrap">
		<div class="responsivegriditem-top " onclick="gtm_e_productClick(&#39;gtm-product-click-1119799&#39;);">

			<div class="cat-feature clearfix">
				<div class="cat-feature-list clearfix">
   		<img src="./heb_lettuce_search_files/snipe-shh.jpg" title="HEART HEALTHY">
	    		<img src="./heb_lettuce_search_files/snipe-shsi.jpg" title="SELECT INGREDIENTS">
	    		</div></div>
			<div class="cat-list-img gtm-product ">

				<img data-src="https://images.heb.com/is/image/HEBGrocery/prd-small/h-e-b-select-ingredients-nbsp-classic-romaine-001119799.jpg" alt="" class="lazyload"><script type="application/ld+json">
{	
	"name": "H-E-B Select Ingredients&nbsp;Classic Romaine", 
	"id": "1119799", 
	"category": "Fruit & Vegetables/Vegetables/Lettuce & Leafy Greens",
	"brand": "H-E-B", 
	"variant": "each", 
	"price": 2.27,
	"list": "Search Results page",
	"position": "12",
	"dimension26": "true",
	"dimension40": "default"
}
</script>

</div>
			</div>
	
		<div class="responsivegriditem-middle ">
			<div class="responsivegriditem__title" onclick="gtm_e_productClick(&#39;gtm-product-click-1119799&#39;);">
					<span class="responsivegriditem__title">
					H-E-B Select Ingredients&nbsp;Classic Romaine, <span class="item-size">10 oz</span></span></div>
			<div class="responsivegriditem__rating-container">
				<div class="cat-star clearfix">
    <div class=""><img src="file:///C:/img/stars/smallstaroff.png" alt=""></div>
			<div class=""><img src="file:///C:/img/stars/smallstaroff.png" alt=""></div>
			<div class=""><img src="file:///C:/img/stars/smallstaroff.png" alt=""></div>
			<div class=""><img src="file:///C:/img/stars/smallstaroff.png" alt=""></div>
			<div class="last-star"><img src="file:///C:/img/stars/smallstaroff.png" alt=""></div>
			</div></div>

			<div class="cat-price">
            <div class="responsivegriditem__price-label"></div>
                    <span class="cat-price-number">
                        $2.27 each</span>
                <span class="cat-sale-price-container">
                <span class="uomSalePrice">
                        ($0.23/oz)
                    </span>
                </span>
        </div><div class="cdp-moq">
				</div>
		</div>
	</a>
	<div class="responsivegriditem-bottom">
		<div class="cart-actions clearfix">
			<form id="form-1119799" data-product-id="1119799" data-is-hidden="false" data-is-disabled="false" data-is-ship-to-home="false" data-max-qty="99" data-remaining-stock="99" data-is-wine-moq-product="false" data-moq-val="1"><div class="quantity-picker">
			<input type="hidden" value="secondchoice">
					<input type="hidden" value="1" id="4122029835_1119799_quantity" data-minstock="1">
				</div>
	<input type="hidden" id="4122029835_maxQty" value="99">
		<input type="hidden" id="4122029835_remainingStock" value="99">
		<input type="hidden" id="4122029835_productId" value="1119799">
		<input type="hidden" name="isWineMOQProduct" value="false">
		<input type="hidden" id="4122029835_moqval" value="1">
			<bootstrap class="vue-instance-init">
			<add-to-bucket :product="{&quot;productAvailableAtContext&quot;:true,&quot;smallImageUrl&quot;:&quot;https://images.heb.com/is/image/HEBGrocery/prd-small/h-e-b-select-ingredients-nbsp-classic-romaine-001119799.jpg&quot;,&quot;isPrimoPick&quot;:false,&quot;isBestAvailable&quot;:false,&quot;isOnAd&quot;:false,&quot;defaultLevelOneCategory&quot;:&quot;{name=Fruit &amp; Vegetables, id=490020}&quot;,&quot;displayName&quot;:&quot;H-E-B Select Ingredients&amp;amp;nbsp;Classic Romaine&quot;,&quot;thumbnailMediumImageUrl&quot;:&quot;https://images.heb.com/is/image/HEBGrocery/prd-thumbnail-medium/h-e-b-select-ingredients-nbsp-classic-romaine-001119799.jpg&quot;,&quot;showOnlineMarketingBug&quot;:false,&quot;pdpUrl&quot;:&quot;/product-detail/h-e-b-select-ingredients-nbsp-classic-romaine/1119799&quot;,&quot;snipes&quot;:[{&quot;largeImageUrl&quot;:&quot;https://images.heb.com/is/image/HEBGrocery/snp-large/snipe-shh.jpg&quot;,&quot;name&quot;:&quot;HEART HEALTHY&quot;,&quot;description&quot;:&quot;Low in fat, sat. fat, &amp;amp; cholesterol; =600 mg sodium; 10% DV of at least 1: Vit. A, C, Calcium, Iron, Fiber or Protein per serving. While many factors affect heart disease, diets low in saturated fat and cholesterol may reduce the risk of this disease.&quot;,&quot;position&quot;:1,&quot;mediumImageUrl&quot;:&quot;https://images.heb.com/is/image/HEBGrocery/snp-medium/snipe-shh.jpg&quot;},{&quot;largeImageUrl&quot;:&quot;https://images.heb.com/is/image/HEBGrocery/snp-large/snipe-shsi.jpg&quot;,&quot;name&quot;:&quot;SELECT INGREDIENTS&quot;,&quot;description&quot;:&quot;With H-E-B® select ingredients, you will enjoy foods with carefully chosen ingredients. We never use high fructose corn syrup or hundreds of other synthetic ingredients that may be used in processed foods. For a complete list of ingredients not allowed in H-E-B® select ingredients and a list of additional products to add to your shopping list visit heb.com/select&quot;,&quot;position&quot;:1,&quot;mediumImageUrl&quot;:&quot;https://images.heb.com/is/image/HEBGrocery/snp-medium/snipe-shsi.jpg&quot;}],&quot;defaultBreadCrumb&quot;:[{&quot;displayName&quot;:&quot;Shop&quot;},{&quot;displayName&quot;:&quot;Fruit &amp;amp; Vegetables&quot;},{&quot;displayName&quot;:&quot;Vegetables&quot;},{&quot;displayName&quot;:&quot;Lettuce &amp;amp; Leafy Greens&quot;}],&quot;mediumImageUrl&quot;:&quot;https://images.heb.com/is/image/HEBGrocery/prd-medium/h-e-b-select-ingredients-nbsp-classic-romaine-001119799.jpg&quot;,&quot;defaultSku&quot;:{&quot;unitWeight&quot;:0.64,&quot;priceInfo&quot;:{&quot;salePrice&quot;:{&quot;unit&quot;:&quot;each&quot;,&quot;formatted&quot;:&quot;$2.27&quot;,&quot;listPriceAmountRounded&quot;:2.27},&quot;priceType&quot;:&quot;EACH&quot;,&quot;listPrice&quot;:{&quot;unit&quot;:&quot;each&quot;,&quot;formatted&quot;:&quot;$2.27&quot;,&quot;listPriceAmountRounded&quot;:2.27}},&quot;thumbnailImageUrl&quot;:&quot;https://images.heb.com/is/image/HEBGrocery/prd-thumbnail/h-e-b-select-ingredients-nbsp-classic-romaine-001119799.jpg&quot;,&quot;couponIds&quot;:[],&quot;availableCouponIds&quot;:[],&quot;unitOfMeasure&quot;:&quot;oz&quot;,&quot;displayName&quot;:&quot;Select Ingredients&amp;amp;nbsp;Classic Romaine&quot;,&quot;onSale&quot;:false,&quot;sceneSevenImage&quot;:&quot;001119799&quot;,&quot;weightSelectionIncrements&quot;:[],&quot;customerFriendlySize&quot;:&quot;10 oz&quot;,&quot;id&quot;:&quot;4122029835&quot;,&quot;customerPurchaseChoice&quot;:&quot;EACH&quot;},&quot;minimumOrderQuantityProduct&quot;:false,&quot;minimumOrderQuantity&quot;:1,&quot;maximumOrderQuantity&quot;:99,&quot;thumbnailImageUrl&quot;:&quot;https://images.heb.com/is/image/HEBGrocery/prd-thumbnail/h-e-b-select-ingredients-nbsp-classic-romaine-001119799.jpg&quot;,&quot;pricedByWeight&quot;:false,&quot;formattedSalePrice&quot;:&quot;$2.27 each&quot;,&quot;addToCartAllowed&quot;:true,&quot;randomWeight&quot;:false,&quot;addToCartDisabled&quot;:false,&quot;onSale&quot;:false,&quot;id&quot;:&quot;1119799&quot;,&quot;brand&quot;:&quot;H-E-B&quot;,&quot;ownBrand&quot;:true,&quot;fulfillmentChannel&quot;:5005,&quot;storeAssortment&quot;:{&quot;marketingBugKey&quot;:&quot;&quot;,&quot;marketingBugDescription&quot;:&quot;&quot;,&quot;smallImageMarketingBugUrl&quot;:&quot;&quot;}}" bucket="cart" size="normal" listname="Search Results page" button-type="nonspa"></add-to-bucket>
		</bootstrap>
		<button data-action-requires-cookies="" class="cart-add-list btn btn-list btn-full-width mar-bot-0" title="Add to list" onclick="javascript:displayDropdown(this); return false;">Add to list</button>
							<!-- TODO Get this functionality for the vue version -->
							<div class="atl-container product-record" style="display: none;">
								<div class="atl-container-triangle"></div>
								<ul class="shoppingListSelector">
									<li>
											
											<a onclick="javascript:addToListFromPDP(&#39;1119799&#39;, &#39;4122029835&#39;, &#39;gl9476736530&#39;); return false;" href="file:///C:/Users/Christopher/flask-tutorial/heb_lettuce_search.html#" data-shoppinglistid="gl9476736530">My List</a></li>
									</ul>
							</div>
						</form></div>
	</div>

	<script type="application/ld+json" id="gtm-product-click-1119799">
{	
	"event": "e_productClick",
	"ecommerce": {
		"click": {
			"actionField": { "list": "Search Results page" },
			"products": [{ 
				"name": "H-E-B Select Ingredients&nbsp;Classic Romaine", 
				"id": "1119799", 
				"category": "Fruit & Vegetables/Vegetables/Lettuce & Leafy Greens", 
				"brand": "H-E-B", 
				"variant": "each",
				"price": 2.27,
				"position": 12, 
				"dimension26": "true",
				"dimension40": "default"
			}]
		}
	}
}
</script>

<script type="application/json" id="gtm-add-to-list-product-1119799">
	
	[{
		"event": "e_addToList",
		"ecommerce": {
			"add": {
				"actionField": {"list": "Search Results page"},
				"products": [{	
					"name": "H-E-B Select Ingredients&nbsp;Classic Romaine", 
					"id": "1119799", 
					"category": "Fruit & Vegetables",
					"brand": "H-E-B", 
					"variant": "each", 
					"price": 2.27,
					"quantity": 1, 
					"dimension26": "true"
				}]
			}
		}
	}
	
	,{
		"event": "e_productClick",
		"ecommerce": {
			"click": {
				"actionField": {"list": "Search Results page"},
				"products": [{ 
					"name": "H-E-B Select Ingredients&nbsp;Classic Romaine", 
					"id": "1119799", 
					"category": "Fruit & Vegetables",
					"brand": "H-E-B", 
					"variant": "each", 
					"price": 2.27,
					"position": 12,
					"dimension25": "product add to list",
					"dimension26": "true",
					"dimension40": "default"
				}]
			}
		}
	}
	
	]
	</script>

<input type="hidden" class="one-to-one-product" value="false"></li><li class="responsivegriditem product-grid-large-fifth product-grid-small-6" role="group">
		<a id="product-900946" href="file:///C:/product-detail/h-e-b-organics-baby-spinach/900946" aria-label="H-E-B Organics Baby Spinach,
		16 oz,
		$3.98 each. Features:  ORGANIC.  HEART HEALTHY. Primo Pick. Rated 3.3 out of five stars." class="responsivegriditem__aria-link-wrap">
		<div class="responsivegriditem-top " onclick="gtm_e_productClick(&#39;gtm-product-click-900946&#39;);">

			<div class="cat-feature clearfix">
				<img data-src="https://images.heb.com/is/image/HEBGrocery/mkt-small/marketingbug-primopck.jpg" alt="Primo Pick" class="lazyload product-card__flag product-card__flag--product-card__flag--marketing-bug">
					<div class="cat-feature-list clearfix">
   		<img src="./heb_lettuce_search_files/snipe-so95.jpg" title="ORGANIC">
	    		<img src="./heb_lettuce_search_files/snipe-shh.jpg" title="HEART HEALTHY">
	    		</div></div>
			<div class="cat-list-img gtm-product ">

				<img data-src="https://images.heb.com/is/image/HEBGrocery/prd-small/h-e-b-organics-baby-spinach-000900946.jpg" alt="" class="lazyload"><script type="application/ld+json">
{	
	"name": "H-E-B Organics Baby Spinach", 
	"id": "900946", 
	"category": "Fruit & Vegetables/Vegetables/Lettuce & Leafy Greens",
	"brand": "H-E-B", 
	"variant": "each", 
	"price": 3.98,
	"list": "Search Results page",
	"position": "13",
	"dimension26": "true",
	"dimension40": "default"
}
</script>

</div>
			</div>
	
		<div class="responsivegriditem-middle ">
			<div class="responsivegriditem__title" onclick="gtm_e_productClick(&#39;gtm-product-click-900946&#39;);">
					<span class="responsivegriditem__title">
					H-E-B Organics Baby Spinach, <span class="item-size">16 oz</span></span></div>
			<div class="responsivegriditem__rating-container">
				<div class="cat-star clearfix">
    <div class=""><img src="file:///C:/img/stars/smallstaron.png" alt=""></div>
			<div class=""><img src="file:///C:/img/stars/smallstaron.png" alt=""></div>
			<div class=""><img src="file:///C:/img/stars/smallstaron.png" alt=""></div>
			<div class=""><img src="file:///C:/img/stars/smallstaron_50.png" alt=""></div>
			<div class="last-star"><img src="file:///C:/img/stars/smallstaroff.png" alt=""></div>
			<span>(3)</span>
   	</div></div>

			<div class="cat-price">
            <div class="responsivegriditem__price-label"></div>
                    <span class="cat-price-number">
                        $3.98 each</span>
                <span class="cat-sale-price-container">
                <span class="uomSalePrice">
                        ($0.25/oz)
                    </span>
                </span>
        </div><div class="cdp-moq">
				</div>
		</div>
	</a>
	<div class="responsivegriditem-bottom">
		<div class="cart-actions clearfix">
			<form id="form-900946" data-product-id="900946" data-is-hidden="false" data-is-disabled="false" data-is-ship-to-home="false" data-max-qty="99" data-remaining-stock="99" data-is-wine-moq-product="false" data-moq-val="1"><div class="quantity-picker">
			<input type="hidden" value="secondchoice">
					<input type="hidden" value="1" id="4122018534_900946_quantity" data-minstock="1">
				</div>
	<input type="hidden" id="4122018534_maxQty" value="99">
		<input type="hidden" id="4122018534_remainingStock" value="99">
		<input type="hidden" id="4122018534_productId" value="900946">
		<input type="hidden" name="isWineMOQProduct" value="false">
		<input type="hidden" id="4122018534_moqval" value="1">
			<bootstrap class="vue-instance-init">
			<add-to-bucket :product="{&quot;productAvailableAtContext&quot;:true,&quot;smallImageUrl&quot;:&quot;https://images.heb.com/is/image/HEBGrocery/prd-small/h-e-b-organics-baby-spinach-000900946.jpg&quot;,&quot;isPrimoPick&quot;:true,&quot;isBestAvailable&quot;:false,&quot;isOnAd&quot;:false,&quot;defaultLevelOneCategory&quot;:&quot;{name=Fruit &amp; Vegetables, id=490020}&quot;,&quot;displayName&quot;:&quot;H-E-B Organics Baby Spinach&quot;,&quot;thumbnailMediumImageUrl&quot;:&quot;https://images.heb.com/is/image/HEBGrocery/prd-thumbnail-medium/h-e-b-organics-baby-spinach-000900946.jpg&quot;,&quot;showOnlineMarketingBug&quot;:true,&quot;pdpUrl&quot;:&quot;/product-detail/h-e-b-organics-baby-spinach/900946&quot;,&quot;snipes&quot;:[{&quot;largeImageUrl&quot;:&quot;https://images.heb.com/is/image/HEBGrocery/snp-large/snipe-so95.jpg&quot;,&quot;name&quot;:&quot;ORGANIC&quot;,&quot;description&quot;:&quot;At least 95% organic and meets USDA standards which prohibits the use of GMOs.&quot;,&quot;position&quot;:1,&quot;mediumImageUrl&quot;:&quot;https://images.heb.com/is/image/HEBGrocery/snp-medium/snipe-so95.jpg&quot;},{&quot;largeImageUrl&quot;:&quot;https://images.heb.com/is/image/HEBGrocery/snp-large/snipe-shh.jpg&quot;,&quot;name&quot;:&quot;HEART HEALTHY&quot;,&quot;description&quot;:&quot;Low in fat, sat. fat, &amp;amp; cholesterol; =600 mg sodium; 10% DV of at least 1: Vit. A, C, Calcium, Iron, Fiber or Protein per serving. While many factors affect heart disease, diets low in saturated fat and cholesterol may reduce the risk of this disease.&quot;,&quot;position&quot;:1,&quot;mediumImageUrl&quot;:&quot;https://images.heb.com/is/image/HEBGrocery/snp-medium/snipe-shh.jpg&quot;}],&quot;defaultBreadCrumb&quot;:[{&quot;displayName&quot;:&quot;Shop&quot;},{&quot;displayName&quot;:&quot;Fruit &amp;amp; Vegetables&quot;},{&quot;displayName&quot;:&quot;Vegetables&quot;},{&quot;displayName&quot;:&quot;Lettuce &amp;amp; Leafy Greens&quot;}],&quot;mediumImageUrl&quot;:&quot;https://images.heb.com/is/image/HEBGrocery/prd-medium/h-e-b-organics-baby-spinach-000900946.jpg&quot;,&quot;defaultSku&quot;:{&quot;unitWeight&quot;:1.29,&quot;priceInfo&quot;:{&quot;salePrice&quot;:{&quot;unit&quot;:&quot;each&quot;,&quot;formatted&quot;:&quot;$3.98&quot;,&quot;listPriceAmountRounded&quot;:3.98},&quot;priceType&quot;:&quot;EACH&quot;,&quot;listPrice&quot;:{&quot;unit&quot;:&quot;each&quot;,&quot;formatted&quot;:&quot;$3.98&quot;,&quot;listPriceAmountRounded&quot;:3.98}},&quot;thumbnailImageUrl&quot;:&quot;https://images.heb.com/is/image/HEBGrocery/prd-thumbnail/h-e-b-organics-baby-spinach-000900946.jpg&quot;,&quot;couponIds&quot;:[],&quot;availableCouponIds&quot;:[],&quot;unitOfMeasure&quot;:&quot;oz&quot;,&quot;displayName&quot;:&quot;Organics Baby Spinach&quot;,&quot;onSale&quot;:false,&quot;sceneSevenImage&quot;:&quot;000900946&quot;,&quot;weightSelectionIncrements&quot;:[],&quot;customerFriendlySize&quot;:&quot;16 oz&quot;,&quot;id&quot;:&quot;4122018534&quot;,&quot;customerPurchaseChoice&quot;:&quot;EACH&quot;},&quot;minimumOrderQuantityProduct&quot;:false,&quot;minimumOrderQuantity&quot;:1,&quot;maximumOrderQuantity&quot;:99,&quot;thumbnailImageUrl&quot;:&quot;https://images.heb.com/is/image/HEBGrocery/prd-thumbnail/h-e-b-organics-baby-spinach-000900946.jpg&quot;,&quot;pricedByWeight&quot;:false,&quot;formattedSalePrice&quot;:&quot;$3.98 each&quot;,&quot;addToCartAllowed&quot;:true,&quot;randomWeight&quot;:false,&quot;addToCartDisabled&quot;:false,&quot;onSale&quot;:false,&quot;id&quot;:&quot;900946&quot;,&quot;brand&quot;:&quot;H-E-B&quot;,&quot;ownBrand&quot;:true,&quot;fulfillmentChannel&quot;:5005,&quot;storeAssortment&quot;:{&quot;marketingBugKey&quot;:&quot;PRIMOPCK&quot;,&quot;marketingBugDescription&quot;:&quot;Primo Pick&quot;,&quot;smallImageMarketingBugUrl&quot;:&quot;https://images.heb.com/is/image/HEBGrocery/mkt-small/marketingbug-primopck.jpg&quot;}}" bucket="cart" size="normal" listname="Search Results page" button-type="nonspa"></add-to-bucket>
		</bootstrap>
		<button data-action-requires-cookies="" class="cart-add-list btn btn-list btn-full-width mar-bot-0" title="Add to list" onclick="javascript:displayDropdown(this); return false;">Add to list</button>
							<!-- TODO Get this functionality for the vue version -->
							<div class="atl-container product-record" style="display: none;">
								<div class="atl-container-triangle"></div>
								<ul class="shoppingListSelector">
									<li>
											
											<a onclick="javascript:addToListFromPDP(&#39;900946&#39;, &#39;4122018534&#39;, &#39;gl9476736530&#39;); return false;" href="file:///C:/Users/Christopher/flask-tutorial/heb_lettuce_search.html#" data-shoppinglistid="gl9476736530">My List</a></li>
									</ul>
							</div>
						</form></div>
	</div>

	<script type="application/ld+json" id="gtm-product-click-900946">
{	
	"event": "e_productClick",
	"ecommerce": {
		"click": {
			"actionField": { "list": "Search Results page" },
			"products": [{ 
				"name": "H-E-B Organics Baby Spinach", 
				"id": "900946", 
				"category": "Fruit & Vegetables/Vegetables/Lettuce & Leafy Greens", 
				"brand": "H-E-B", 
				"variant": "each",
				"price": 3.98,
				"position": 13, 
				"dimension26": "true",
				"dimension40": "default"
			}]
		}
	}
}
</script>

<script type="application/json" id="gtm-add-to-list-product-900946">
	
	[{
		"event": "e_addToList",
		"ecommerce": {
			"add": {
				"actionField": {"list": "Search Results page"},
				"products": [{	
					"name": "H-E-B Organics Baby Spinach", 
					"id": "900946", 
					"category": "Fruit & Vegetables",
					"brand": "H-E-B", 
					"variant": "each", 
					"price": 3.98,
					"quantity": 1, 
					"dimension26": "true"
				}]
			}
		}
	}
	
	,{
		"event": "e_productClick",
		"ecommerce": {
			"click": {
				"actionField": {"list": "Search Results page"},
				"products": [{ 
					"name": "H-E-B Organics Baby Spinach", 
					"id": "900946", 
					"category": "Fruit & Vegetables",
					"brand": "H-E-B", 
					"variant": "each", 
					"price": 3.98,
					"position": 13,
					"dimension25": "product add to list",
					"dimension26": "true",
					"dimension40": "default"
				}]
			}
		}
	}
	
	]
	</script>

<input type="hidden" class="one-to-one-product" value="false"></li><li class="responsivegriditem product-grid-large-fifth product-grid-small-6" role="group">
		<a id="product-900949" href="file:///C:/product-detail/central-market-organic-baby-spring-mix/900949" aria-label="Central Market Organic Baby Spring Mix,
		5 oz,
		$3.56 each. Features:  ORGANIC.  HEART HEALTHY." class="responsivegriditem__aria-link-wrap">
		<div class="responsivegriditem-top " onclick="gtm_e_productClick(&#39;gtm-product-click-900949&#39;);">

			<div class="cat-feature clearfix">
				<div class="cat-feature-list clearfix">
   		<img src="./heb_lettuce_search_files/snipe-so95.jpg" title="ORGANIC">
	    		<img src="./heb_lettuce_search_files/snipe-shh.jpg" title="HEART HEALTHY">
	    		</div></div>
			<div class="cat-list-img gtm-product ">

				<img data-src="https://images.heb.com/is/image/HEBGrocery/prd-small/central-market-organic-baby-spring-mix-000900949.jpg" alt="" class="lazyload"><script type="application/ld+json">
{	
	"name": "Central Market Organic Baby Spring Mix", 
	"id": "900949", 
	"category": "Fruit & Vegetables/Vegetables/Lettuce & Leafy Greens",
	"brand": "Central Market", 
	"variant": "each", 
	"price": 3.56,
	"list": "Search Results page",
	"position": "14",
	"dimension26": "true",
	"dimension40": "default"
}
</script>

</div>
			</div>
	
		<div class="responsivegriditem-middle ">
			<div class="responsivegriditem__title" onclick="gtm_e_productClick(&#39;gtm-product-click-900949&#39;);">
					<span class="responsivegriditem__title">
					Central Market Organic Baby Spring Mix, <span class="item-size">5 oz</span></span></div>
			<div class="responsivegriditem__rating-container">
				<div class="cat-star clearfix">
    <div class=""><img src="file:///C:/img/stars/smallstaroff.png" alt=""></div>
			<div class=""><img src="file:///C:/img/stars/smallstaroff.png" alt=""></div>
			<div class=""><img src="file:///C:/img/stars/smallstaroff.png" alt=""></div>
			<div class=""><img src="file:///C:/img/stars/smallstaroff.png" alt=""></div>
			<div class="last-star"><img src="file:///C:/img/stars/smallstaroff.png" alt=""></div>
			</div></div>

			<div class="cat-price">
            <div class="responsivegriditem__price-label"></div>
                    <span class="cat-price-number">
                        $3.56 each</span>
                <span class="cat-sale-price-container">
                <span class="uomSalePrice">
                        ($0.72/oz)
                    </span>
                </span>
        </div><div class="cdp-moq">
				</div>
		</div>
	</a>
	<div class="responsivegriditem-bottom">
		<div class="cart-actions clearfix">
			<form id="form-900949" data-product-id="900949" data-is-hidden="false" data-is-disabled="false" data-is-ship-to-home="false" data-max-qty="99" data-remaining-stock="99" data-is-wine-moq-product="false" data-moq-val="1"><div class="quantity-picker">
			<input type="hidden" value="secondchoice">
					<input type="hidden" value="1" id="4122018531_900949_quantity" data-minstock="1">
				</div>
	<input type="hidden" id="4122018531_maxQty" value="99">
		<input type="hidden" id="4122018531_remainingStock" value="99">
		<input type="hidden" id="4122018531_productId" value="900949">
		<input type="hidden" name="isWineMOQProduct" value="false">
		<input type="hidden" id="4122018531_moqval" value="1">
			<bootstrap class="vue-instance-init">
			<add-to-bucket :product="{&quot;productAvailableAtContext&quot;:true,&quot;smallImageUrl&quot;:&quot;https://images.heb.com/is/image/HEBGrocery/prd-small/central-market-organic-baby-spring-mix-000900949.jpg&quot;,&quot;isPrimoPick&quot;:false,&quot;isBestAvailable&quot;:false,&quot;isOnAd&quot;:false,&quot;defaultLevelOneCategory&quot;:&quot;{name=Fruit &amp; Vegetables, id=490020}&quot;,&quot;displayName&quot;:&quot;Central Market Organic Baby Spring Mix&quot;,&quot;thumbnailMediumImageUrl&quot;:&quot;https://images.heb.com/is/image/HEBGrocery/prd-thumbnail-medium/central-market-organic-baby-spring-mix-000900949.jpg&quot;,&quot;showOnlineMarketingBug&quot;:false,&quot;pdpUrl&quot;:&quot;/product-detail/central-market-organic-baby-spring-mix/900949&quot;,&quot;snipes&quot;:[{&quot;largeImageUrl&quot;:&quot;https://images.heb.com/is/image/HEBGrocery/snp-large/snipe-so95.jpg&quot;,&quot;name&quot;:&quot;ORGANIC&quot;,&quot;description&quot;:&quot;At least 95% organic and meets USDA standards which prohibits the use of GMOs.&quot;,&quot;position&quot;:1,&quot;mediumImageUrl&quot;:&quot;https://images.heb.com/is/image/HEBGrocery/snp-medium/snipe-so95.jpg&quot;},{&quot;largeImageUrl&quot;:&quot;https://images.heb.com/is/image/HEBGrocery/snp-large/snipe-shh.jpg&quot;,&quot;name&quot;:&quot;HEART HEALTHY&quot;,&quot;description&quot;:&quot;Low in fat, sat. fat, &amp;amp; cholesterol; =600 mg sodium; 10% DV of at least 1: Vit. A, C, Calcium, Iron, Fiber or Protein per serving. While many factors affect heart disease, diets low in saturated fat and cholesterol may reduce the risk of this disease.&quot;,&quot;position&quot;:1,&quot;mediumImageUrl&quot;:&quot;https://images.heb.com/is/image/HEBGrocery/snp-medium/snipe-shh.jpg&quot;}],&quot;defaultBreadCrumb&quot;:[{&quot;displayName&quot;:&quot;Shop&quot;},{&quot;displayName&quot;:&quot;Fruit &amp;amp; Vegetables&quot;},{&quot;displayName&quot;:&quot;Vegetables&quot;},{&quot;displayName&quot;:&quot;Lettuce &amp;amp; Leafy Greens&quot;}],&quot;mediumImageUrl&quot;:&quot;https://images.heb.com/is/image/HEBGrocery/prd-medium/central-market-organic-baby-spring-mix-000900949.jpg&quot;,&quot;defaultSku&quot;:{&quot;unitWeight&quot;:0.475,&quot;priceInfo&quot;:{&quot;salePrice&quot;:{&quot;unit&quot;:&quot;each&quot;,&quot;formatted&quot;:&quot;$3.56&quot;,&quot;listPriceAmountRounded&quot;:3.56},&quot;priceType&quot;:&quot;EACH&quot;,&quot;listPrice&quot;:{&quot;unit&quot;:&quot;each&quot;,&quot;formatted&quot;:&quot;$3.56&quot;,&quot;listPriceAmountRounded&quot;:3.56}},&quot;thumbnailImageUrl&quot;:&quot;https://images.heb.com/is/image/HEBGrocery/prd-thumbnail/central-market-organic-baby-spring-mix-000900949.jpg&quot;,&quot;couponIds&quot;:[],&quot;availableCouponIds&quot;:[],&quot;unitOfMeasure&quot;:&quot;oz&quot;,&quot;displayName&quot;:&quot;Organic Baby Spring Mix&quot;,&quot;onSale&quot;:false,&quot;sceneSevenImage&quot;:&quot;000900949&quot;,&quot;weightSelectionIncrements&quot;:[],&quot;customerFriendlySize&quot;:&quot;5 oz&quot;,&quot;id&quot;:&quot;4122018531&quot;,&quot;customerPurchaseChoice&quot;:&quot;EACH&quot;},&quot;minimumOrderQuantityProduct&quot;:false,&quot;minimumOrderQuantity&quot;:1,&quot;maximumOrderQuantity&quot;:99,&quot;thumbnailImageUrl&quot;:&quot;https://images.heb.com/is/image/HEBGrocery/prd-thumbnail/central-market-organic-baby-spring-mix-000900949.jpg&quot;,&quot;pricedByWeight&quot;:false,&quot;formattedSalePrice&quot;:&quot;$3.56 each&quot;,&quot;addToCartAllowed&quot;:true,&quot;randomWeight&quot;:false,&quot;addToCartDisabled&quot;:false,&quot;onSale&quot;:false,&quot;id&quot;:&quot;900949&quot;,&quot;brand&quot;:&quot;Central Market&quot;,&quot;ownBrand&quot;:true,&quot;fulfillmentChannel&quot;:5005,&quot;storeAssortment&quot;:{&quot;marketingBugKey&quot;:&quot;&quot;,&quot;marketingBugDescription&quot;:&quot;&quot;,&quot;smallImageMarketingBugUrl&quot;:&quot;&quot;}}" bucket="cart" size="normal" listname="Search Results page" button-type="nonspa"></add-to-bucket>
		</bootstrap>
		<button data-action-requires-cookies="" class="cart-add-list btn btn-list btn-full-width mar-bot-0" title="Add to list" onclick="javascript:displayDropdown(this); return false;">Add to list</button>
							<!-- TODO Get this functionality for the vue version -->
							<div class="atl-container product-record" style="display: none;">
								<div class="atl-container-triangle"></div>
								<ul class="shoppingListSelector">
									<li>
											
											<a onclick="javascript:addToListFromPDP(&#39;900949&#39;, &#39;4122018531&#39;, &#39;gl9476736530&#39;); return false;" href="file:///C:/Users/Christopher/flask-tutorial/heb_lettuce_search.html#" data-shoppinglistid="gl9476736530">My List</a></li>
									</ul>
							</div>
						</form></div>
	</div>

	<script type="application/ld+json" id="gtm-product-click-900949">
{	
	"event": "e_productClick",
	"ecommerce": {
		"click": {
			"actionField": { "list": "Search Results page" },
			"products": [{ 
				"name": "Central Market Organic Baby Spring Mix", 
				"id": "900949", 
				"category": "Fruit & Vegetables/Vegetables/Lettuce & Leafy Greens", 
				"brand": "Central Market", 
				"variant": "each",
				"price": 3.56,
				"position": 14, 
				"dimension26": "true",
				"dimension40": "default"
			}]
		}
	}
}
</script>

<script type="application/json" id="gtm-add-to-list-product-900949">
	
	[{
		"event": "e_addToList",
		"ecommerce": {
			"add": {
				"actionField": {"list": "Search Results page"},
				"products": [{	
					"name": "Central Market Organic Baby Spring Mix", 
					"id": "900949", 
					"category": "Fruit & Vegetables",
					"brand": "Central Market", 
					"variant": "each", 
					"price": 3.56,
					"quantity": 1, 
					"dimension26": "true"
				}]
			}
		}
	}
	
	,{
		"event": "e_productClick",
		"ecommerce": {
			"click": {
				"actionField": {"list": "Search Results page"},
				"products": [{ 
					"name": "Central Market Organic Baby Spring Mix", 
					"id": "900949", 
					"category": "Fruit & Vegetables",
					"brand": "Central Market", 
					"variant": "each", 
					"price": 3.56,
					"position": 14,
					"dimension25": "product add to list",
					"dimension26": "true",
					"dimension40": "default"
				}]
			}
		}
	}
	
	]
	</script>

<input type="hidden" class="one-to-one-product" value="false"></li><li class="responsivegriditem product-grid-large-fifth product-grid-small-6" role="group">
		<a id="product-1553207" href="file:///C:/product-detail/h-e-b-select-ingredients-nbsp-garden-salad-blend/1553207" aria-label="H-E-B Select Ingredients Garden Salad Blend,
		24 oz,
		$2.86 each. Features:  HEART HEALTHY.  SELECT INGREDIENTS." class="responsivegriditem__aria-link-wrap">
		<div class="responsivegriditem-top " onclick="gtm_e_productClick(&#39;gtm-product-click-1553207&#39;);">

			<div class="cat-feature clearfix">
				<div class="cat-feature-list clearfix">
   		<img src="./heb_lettuce_search_files/snipe-shh.jpg" title="HEART HEALTHY">
	    		<img src="./heb_lettuce_search_files/snipe-shsi.jpg" title="SELECT INGREDIENTS">
	    		</div></div>
			<div class="cat-list-img gtm-product ">

				<img data-src="https://images.heb.com/is/image/HEBGrocery/prd-small/h-e-b-select-ingredients-nbsp-garden-salad-blend-001553207.jpg" alt="" class="lazyload"><script type="application/ld+json">
{	
	"name": "H-E-B Select Ingredients&nbsp;Garden Salad Blend", 
	"id": "1553207", 
	"category": "Fruit & Vegetables/Vegetables/Lettuce & Leafy Greens",
	"brand": "H-E-B", 
	"variant": "each", 
	"price": 2.86,
	"list": "Search Results page",
	"position": "15",
	"dimension26": "true",
	"dimension40": "default"
}
</script>

</div>
			</div>
	
		<div class="responsivegriditem-middle ">
			<div class="responsivegriditem__title" onclick="gtm_e_productClick(&#39;gtm-product-click-1553207&#39;);">
					<span class="responsivegriditem__title">
					H-E-B Select Ingredients&nbsp;Garden Salad Blend, <span class="item-size">24 oz</span></span></div>
			<div class="responsivegriditem__rating-container">
				<div class="cat-star clearfix">
    <div class=""><img src="file:///C:/img/stars/smallstaroff.png" alt=""></div>
			<div class=""><img src="file:///C:/img/stars/smallstaroff.png" alt=""></div>
			<div class=""><img src="file:///C:/img/stars/smallstaroff.png" alt=""></div>
			<div class=""><img src="file:///C:/img/stars/smallstaroff.png" alt=""></div>
			<div class="last-star"><img src="file:///C:/img/stars/smallstaroff.png" alt=""></div>
			</div></div>

			<div class="cat-price">
            <div class="responsivegriditem__price-label"></div>
                    <span class="cat-price-number">
                        $2.86 each</span>
                <span class="cat-sale-price-container">
                <span class="uomSalePrice">
                        ($0.12/oz)
                    </span>
                </span>
        </div><div class="cdp-moq">
				</div>
		</div>
	</a>
	<div class="responsivegriditem-bottom">
		<div class="cart-actions clearfix">
			<form id="form-1553207" data-product-id="1553207" data-is-hidden="false" data-is-disabled="false" data-is-ship-to-home="false" data-max-qty="99" data-remaining-stock="99" data-is-wine-moq-product="false" data-moq-val="1"><div class="quantity-picker">
			<input type="hidden" value="secondchoice">
					<input type="hidden" value="1" id="4122090523_1553207_quantity" data-minstock="1">
				</div>
	<input type="hidden" id="4122090523_maxQty" value="99">
		<input type="hidden" id="4122090523_remainingStock" value="99">
		<input type="hidden" id="4122090523_productId" value="1553207">
		<input type="hidden" name="isWineMOQProduct" value="false">
		<input type="hidden" id="4122090523_moqval" value="1">
			<bootstrap class="vue-instance-init">
			<add-to-bucket :product="{&quot;productAvailableAtContext&quot;:true,&quot;smallImageUrl&quot;:&quot;https://images.heb.com/is/image/HEBGrocery/prd-small/h-e-b-select-ingredients-nbsp-garden-salad-blend-001553207.jpg&quot;,&quot;isPrimoPick&quot;:false,&quot;isBestAvailable&quot;:false,&quot;isOnAd&quot;:false,&quot;defaultLevelOneCategory&quot;:&quot;{name=Fruit &amp; Vegetables, id=490020}&quot;,&quot;displayName&quot;:&quot;H-E-B Select Ingredients&amp;amp;nbsp;Garden Salad Blend&quot;,&quot;thumbnailMediumImageUrl&quot;:&quot;https://images.heb.com/is/image/HEBGrocery/prd-thumbnail-medium/h-e-b-select-ingredients-nbsp-garden-salad-blend-001553207.jpg&quot;,&quot;showOnlineMarketingBug&quot;:false,&quot;pdpUrl&quot;:&quot;/product-detail/h-e-b-select-ingredients-nbsp-garden-salad-blend/1553207&quot;,&quot;snipes&quot;:[{&quot;largeImageUrl&quot;:&quot;https://images.heb.com/is/image/HEBGrocery/snp-large/snipe-shh.jpg&quot;,&quot;name&quot;:&quot;HEART HEALTHY&quot;,&quot;description&quot;:&quot;Low in fat, sat. fat, &amp;amp; cholesterol; =600 mg sodium; 10% DV of at least 1: Vit. A, C, Calcium, Iron, Fiber or Protein per serving. While many factors affect heart disease, diets low in saturated fat and cholesterol may reduce the risk of this disease.&quot;,&quot;position&quot;:1,&quot;mediumImageUrl&quot;:&quot;https://images.heb.com/is/image/HEBGrocery/snp-medium/snipe-shh.jpg&quot;},{&quot;largeImageUrl&quot;:&quot;https://images.heb.com/is/image/HEBGrocery/snp-large/snipe-shsi.jpg&quot;,&quot;name&quot;:&quot;SELECT INGREDIENTS&quot;,&quot;description&quot;:&quot;With H-E-B® select ingredients, you will enjoy foods with carefully chosen ingredients. We never use high fructose corn syrup or hundreds of other synthetic ingredients that may be used in processed foods. For a complete list of ingredients not allowed in H-E-B® select ingredients and a list of additional products to add to your shopping list visit heb.com/select&quot;,&quot;position&quot;:1,&quot;mediumImageUrl&quot;:&quot;https://images.heb.com/is/image/HEBGrocery/snp-medium/snipe-shsi.jpg&quot;}],&quot;defaultBreadCrumb&quot;:[{&quot;displayName&quot;:&quot;Shop&quot;},{&quot;displayName&quot;:&quot;Fruit &amp;amp; Vegetables&quot;},{&quot;displayName&quot;:&quot;Vegetables&quot;},{&quot;displayName&quot;:&quot;Lettuce &amp;amp; Leafy Greens&quot;}],&quot;mediumImageUrl&quot;:&quot;https://images.heb.com/is/image/HEBGrocery/prd-medium/h-e-b-select-ingredients-nbsp-garden-salad-blend-001553207.jpg&quot;,&quot;defaultSku&quot;:{&quot;unitWeight&quot;:1.565,&quot;priceInfo&quot;:{&quot;salePrice&quot;:{&quot;unit&quot;:&quot;each&quot;,&quot;formatted&quot;:&quot;$2.86&quot;,&quot;listPriceAmountRounded&quot;:2.86},&quot;priceType&quot;:&quot;EACH&quot;,&quot;listPrice&quot;:{&quot;unit&quot;:&quot;each&quot;,&quot;formatted&quot;:&quot;$2.86&quot;,&quot;listPriceAmountRounded&quot;:2.86}},&quot;thumbnailImageUrl&quot;:&quot;https://images.heb.com/is/image/HEBGrocery/prd-thumbnail/h-e-b-select-ingredients-nbsp-garden-salad-blend-001553207.jpg&quot;,&quot;couponIds&quot;:[],&quot;availableCouponIds&quot;:[],&quot;unitOfMeasure&quot;:&quot;oz&quot;,&quot;displayName&quot;:&quot;Select Ingredients&amp;amp;nbsp;Garden Salad Blend&quot;,&quot;onSale&quot;:false,&quot;sceneSevenImage&quot;:&quot;001553207&quot;,&quot;weightSelectionIncrements&quot;:[],&quot;customerFriendlySize&quot;:&quot;24 oz&quot;,&quot;id&quot;:&quot;4122090523&quot;,&quot;customerPurchaseChoice&quot;:&quot;EACH&quot;},&quot;minimumOrderQuantityProduct&quot;:false,&quot;minimumOrderQuantity&quot;:1,&quot;maximumOrderQuantity&quot;:99,&quot;thumbnailImageUrl&quot;:&quot;https://images.heb.com/is/image/HEBGrocery/prd-thumbnail/h-e-b-select-ingredients-nbsp-garden-salad-blend-001553207.jpg&quot;,&quot;pricedByWeight&quot;:false,&quot;formattedSalePrice&quot;:&quot;$2.86 each&quot;,&quot;addToCartAllowed&quot;:true,&quot;randomWeight&quot;:false,&quot;addToCartDisabled&quot;:false,&quot;onSale&quot;:false,&quot;id&quot;:&quot;1553207&quot;,&quot;brand&quot;:&quot;H-E-B&quot;,&quot;ownBrand&quot;:true,&quot;fulfillmentChannel&quot;:5005,&quot;storeAssortment&quot;:{&quot;marketingBugKey&quot;:&quot;&quot;,&quot;marketingBugDescription&quot;:&quot;&quot;,&quot;smallImageMarketingBugUrl&quot;:&quot;&quot;}}" bucket="cart" size="normal" listname="Search Results page" button-type="nonspa"></add-to-bucket>
		</bootstrap>
		<button data-action-requires-cookies="" class="cart-add-list btn btn-list btn-full-width mar-bot-0" title="Add to list" onclick="javascript:displayDropdown(this); return false;">Add to list</button>
							<!-- TODO Get this functionality for the vue version -->
							<div class="atl-container product-record" style="display: none;">
								<div class="atl-container-triangle"></div>
								<ul class="shoppingListSelector">
									<li>
											
											<a onclick="javascript:addToListFromPDP(&#39;1553207&#39;, &#39;4122090523&#39;, &#39;gl9476736530&#39;); return false;" href="file:///C:/Users/Christopher/flask-tutorial/heb_lettuce_search.html#" data-shoppinglistid="gl9476736530">My List</a></li>
									</ul>
							</div>
						</form></div>
	</div>

	<script type="application/ld+json" id="gtm-product-click-1553207">
{	
	"event": "e_productClick",
	"ecommerce": {
		"click": {
			"actionField": { "list": "Search Results page" },
			"products": [{ 
				"name": "H-E-B Select Ingredients&nbsp;Garden Salad Blend", 
				"id": "1553207", 
				"category": "Fruit & Vegetables/Vegetables/Lettuce & Leafy Greens", 
				"brand": "H-E-B", 
				"variant": "each",
				"price": 2.86,
				"position": 15, 
				"dimension26": "true",
				"dimension40": "default"
			}]
		}
	}
}
</script>

<script type="application/json" id="gtm-add-to-list-product-1553207">
	
	[{
		"event": "e_addToList",
		"ecommerce": {
			"add": {
				"actionField": {"list": "Search Results page"},
				"products": [{	
					"name": "H-E-B Select Ingredients&nbsp;Garden Salad Blend", 
					"id": "1553207", 
					"category": "Fruit & Vegetables",
					"brand": "H-E-B", 
					"variant": "each", 
					"price": 2.86,
					"quantity": 1, 
					"dimension26": "true"
				}]
			}
		}
	}
	
	,{
		"event": "e_productClick",
		"ecommerce": {
			"click": {
				"actionField": {"list": "Search Results page"},
				"products": [{ 
					"name": "H-E-B Select Ingredients&nbsp;Garden Salad Blend", 
					"id": "1553207", 
					"category": "Fruit & Vegetables",
					"brand": "H-E-B", 
					"variant": "each", 
					"price": 2.86,
					"position": 15,
					"dimension25": "product add to list",
					"dimension26": "true",
					"dimension40": "default"
				}]
			}
		}
	}
	
	]
	</script>

<input type="hidden" class="one-to-one-product" value="false"></li><li class="responsivegriditem product-grid-large-fifth product-grid-small-6" role="group">
		<a id="product-618955" href="file:///C:/product-detail/fresh-organic-romaine-heart-lettuce/618955" aria-label="Fresh Organic Romaine Heart Lettuce,
		3 ct,
		$3.56 each. Features:  ORGANIC." class="responsivegriditem__aria-link-wrap">
		<div class="responsivegriditem-top " onclick="gtm_e_productClick(&#39;gtm-product-click-618955&#39;);">

			<div class="cat-feature clearfix">
				<div class="cat-feature-list clearfix">
   		<img src="./heb_lettuce_search_files/snipe-so95.jpg" title="ORGANIC">
	    		</div></div>
			<div class="cat-list-img gtm-product ">

				<img data-src="https://images.heb.com/is/image/HEBGrocery/prd-small/fresh-organic-romaine-heart-lettuce-000618955.jpg" alt="" class="lazyload"><script type="application/ld+json">
{	
	"name": "Fresh Organic Romaine Heart Lettuce", 
	"id": "618955", 
	"category": "Fruit & Vegetables/Vegetables/Lettuce & Leafy Greens",
	"brand": "Fresh", 
	"variant": "each", 
	"price": 3.56,
	"list": "Search Results page",
	"position": "16",
	"dimension26": "false",
	"dimension40": "default"
}
</script>

</div>
			</div>
	
		<div class="responsivegriditem-middle ">
			<div class="responsivegriditem__title" onclick="gtm_e_productClick(&#39;gtm-product-click-618955&#39;);">
					<span class="responsivegriditem__title">
					Fresh Organic Romaine Heart Lettuce, <span class="item-size">3 ct</span></span></div>
			<div class="responsivegriditem__rating-container">
				<div class="cat-star clearfix">
    <div class=""><img src="file:///C:/img/stars/smallstaroff.png" alt=""></div>
			<div class=""><img src="file:///C:/img/stars/smallstaroff.png" alt=""></div>
			<div class=""><img src="file:///C:/img/stars/smallstaroff.png" alt=""></div>
			<div class=""><img src="file:///C:/img/stars/smallstaroff.png" alt=""></div>
			<div class="last-star"><img src="file:///C:/img/stars/smallstaroff.png" alt=""></div>
			</div></div>

			<div class="cat-price">
            <div class="responsivegriditem__price-label"></div>
                    <span class="cat-price-number">
                        $3.56 each</span>
                <span class="cat-sale-price-container">
                </span>
        </div><div class="cdp-moq">
				</div>
		</div>
	</a>
	<div class="responsivegriditem-bottom">
		<div class="cart-actions clearfix">
			<form id="form-618955" data-product-id="618955" data-is-hidden="false" data-is-disabled="false" data-is-ship-to-home="false" data-max-qty="99" data-remaining-stock="99" data-is-wine-moq-product="false" data-moq-val="1"><div class="quantity-picker">
			<input type="hidden" value="secondchoice">
					<input type="hidden" value="1" id="83204600186_618955_quantity" data-minstock="1">
				</div>
	<input type="hidden" id="83204600186_maxQty" value="99">
		<input type="hidden" id="83204600186_remainingStock" value="99">
		<input type="hidden" id="83204600186_productId" value="618955">
		<input type="hidden" name="isWineMOQProduct" value="false">
		<input type="hidden" id="83204600186_moqval" value="1">
			<bootstrap class="vue-instance-init">
			<add-to-bucket :product="{&quot;productAvailableAtContext&quot;:true,&quot;smallImageUrl&quot;:&quot;https://images.heb.com/is/image/HEBGrocery/prd-small/fresh-organic-romaine-heart-lettuce-000618955.jpg&quot;,&quot;isPrimoPick&quot;:false,&quot;isBestAvailable&quot;:false,&quot;isOnAd&quot;:false,&quot;defaultLevelOneCategory&quot;:&quot;{name=Fruit &amp; Vegetables, id=490020}&quot;,&quot;displayName&quot;:&quot;Fresh Organic Romaine Heart Lettuce&quot;,&quot;thumbnailMediumImageUrl&quot;:&quot;https://images.heb.com/is/image/HEBGrocery/prd-thumbnail-medium/fresh-organic-romaine-heart-lettuce-000618955.jpg&quot;,&quot;showOnlineMarketingBug&quot;:false,&quot;pdpUrl&quot;:&quot;/product-detail/fresh-organic-romaine-heart-lettuce/618955&quot;,&quot;snipes&quot;:[{&quot;largeImageUrl&quot;:&quot;https://images.heb.com/is/image/HEBGrocery/snp-large/snipe-so95.jpg&quot;,&quot;name&quot;:&quot;ORGANIC&quot;,&quot;description&quot;:&quot;At least 95% organic and meets USDA standards which prohibits the use of GMOs.&quot;,&quot;position&quot;:1,&quot;mediumImageUrl&quot;:&quot;https://images.heb.com/is/image/HEBGrocery/snp-medium/snipe-so95.jpg&quot;}],&quot;defaultBreadCrumb&quot;:[{&quot;displayName&quot;:&quot;Shop&quot;},{&quot;displayName&quot;:&quot;Fruit &amp;amp; Vegetables&quot;},{&quot;displayName&quot;:&quot;Vegetables&quot;},{&quot;displayName&quot;:&quot;Lettuce &amp;amp; Leafy Greens&quot;}],&quot;mediumImageUrl&quot;:&quot;https://images.heb.com/is/image/HEBGrocery/prd-medium/fresh-organic-romaine-heart-lettuce-000618955.jpg&quot;,&quot;defaultSku&quot;:{&quot;unitWeight&quot;:1.87,&quot;priceInfo&quot;:{&quot;salePrice&quot;:{&quot;unit&quot;:&quot;each&quot;,&quot;formatted&quot;:&quot;$3.56&quot;,&quot;listPriceAmountRounded&quot;:3.56},&quot;priceType&quot;:&quot;EACH&quot;,&quot;listPrice&quot;:{&quot;unit&quot;:&quot;each&quot;,&quot;formatted&quot;:&quot;$3.56&quot;,&quot;listPriceAmountRounded&quot;:3.56}},&quot;thumbnailImageUrl&quot;:&quot;https://images.heb.com/is/image/HEBGrocery/prd-thumbnail/fresh-organic-romaine-heart-lettuce-000618955.jpg&quot;,&quot;couponIds&quot;:[],&quot;availableCouponIds&quot;:[],&quot;unitOfMeasure&quot;:&quot;EACH&quot;,&quot;displayName&quot;:&quot;Organic Romaine Heart Lettuce&quot;,&quot;onSale&quot;:false,&quot;sceneSevenImage&quot;:&quot;000618955&quot;,&quot;weightSelectionIncrements&quot;:[],&quot;customerFriendlySize&quot;:&quot;3 ct&quot;,&quot;id&quot;:&quot;83204600186&quot;,&quot;customerPurchaseChoice&quot;:&quot;EACH&quot;},&quot;minimumOrderQuantityProduct&quot;:false,&quot;minimumOrderQuantity&quot;:1,&quot;maximumOrderQuantity&quot;:99,&quot;thumbnailImageUrl&quot;:&quot;https://images.heb.com/is/image/HEBGrocery/prd-thumbnail/fresh-organic-romaine-heart-lettuce-000618955.jpg&quot;,&quot;pricedByWeight&quot;:false,&quot;formattedSalePrice&quot;:&quot;$3.56 each&quot;,&quot;addToCartAllowed&quot;:true,&quot;randomWeight&quot;:false,&quot;addToCartDisabled&quot;:false,&quot;onSale&quot;:false,&quot;id&quot;:&quot;618955&quot;,&quot;brand&quot;:&quot;Fresh&quot;,&quot;ownBrand&quot;:false,&quot;fulfillmentChannel&quot;:5005,&quot;storeAssortment&quot;:{&quot;marketingBugKey&quot;:&quot;&quot;,&quot;marketingBugDescription&quot;:&quot;&quot;,&quot;smallImageMarketingBugUrl&quot;:&quot;&quot;}}" bucket="cart" size="normal" listname="Search Results page" button-type="nonspa"></add-to-bucket>
		</bootstrap>
		<button data-action-requires-cookies="" class="cart-add-list btn btn-list btn-full-width mar-bot-0" title="Add to list" onclick="javascript:displayDropdown(this); return false;">Add to list</button>
							<!-- TODO Get this functionality for the vue version -->
							<div class="atl-container product-record" style="display: none;">
								<div class="atl-container-triangle"></div>
								<ul class="shoppingListSelector">
									<li>
											
											<a onclick="javascript:addToListFromPDP(&#39;618955&#39;, &#39;83204600186&#39;, &#39;gl9476736530&#39;); return false;" href="file:///C:/Users/Christopher/flask-tutorial/heb_lettuce_search.html#" data-shoppinglistid="gl9476736530">My List</a></li>
									</ul>
							</div>
						</form></div>
	</div>

	<script type="application/ld+json" id="gtm-product-click-618955">
{	
	"event": "e_productClick",
	"ecommerce": {
		"click": {
			"actionField": { "list": "Search Results page" },
			"products": [{ 
				"name": "Fresh Organic Romaine Heart Lettuce", 
				"id": "618955", 
				"category": "Fruit & Vegetables/Vegetables/Lettuce & Leafy Greens", 
				"brand": "Fresh", 
				"variant": "each",
				"price": 3.56,
				"position": 16, 
				"dimension26": "false",
				"dimension40": "default"
			}]
		}
	}
}
</script>

<script type="application/json" id="gtm-add-to-list-product-618955">
	
	[{
		"event": "e_addToList",
		"ecommerce": {
			"add": {
				"actionField": {"list": "Search Results page"},
				"products": [{	
					"name": "Fresh Organic Romaine Heart Lettuce", 
					"id": "618955", 
					"category": "Fruit & Vegetables",
					"brand": "Fresh", 
					"variant": "each", 
					"price": 3.56,
					"quantity": 1, 
					"dimension26": "false"
				}]
			}
		}
	}
	
	,{
		"event": "e_productClick",
		"ecommerce": {
			"click": {
				"actionField": {"list": "Search Results page"},
				"products": [{ 
					"name": "Fresh Organic Romaine Heart Lettuce", 
					"id": "618955", 
					"category": "Fruit & Vegetables",
					"brand": "Fresh", 
					"variant": "each", 
					"price": 3.56,
					"position": 16,
					"dimension25": "product add to list",
					"dimension26": "false",
					"dimension40": "default"
				}]
			}
		}
	}
	
	]
	</script>

<input type="hidden" class="one-to-one-product" value="false"></li><li class="responsivegriditem product-grid-large-fifth product-grid-small-6" role="group">
		<a id="product-900951" href="file:///C:/product-detail/central-market-organic-baby-spinach/900951" aria-label="Central Market Organic Baby Spinach,
		5 oz,
		$3.56 each. Features:  ORGANIC.  HEART HEALTHY." class="responsivegriditem__aria-link-wrap">
		<div class="responsivegriditem-top " onclick="gtm_e_productClick(&#39;gtm-product-click-900951&#39;);">

			<div class="cat-feature clearfix">
				<div class="cat-feature-list clearfix">
   		<img src="./heb_lettuce_search_files/snipe-so95.jpg" title="ORGANIC">
	    		<img src="./heb_lettuce_search_files/snipe-shh.jpg" title="HEART HEALTHY">
	    		</div></div>
			<div class="cat-list-img gtm-product ">

				<img data-src="https://images.heb.com/is/image/HEBGrocery/prd-small/central-market-organic-baby-spinach-000900951.jpg" alt="" class="lazyload"><script type="application/ld+json">
{	
	"name": "Central Market Organic Baby Spinach", 
	"id": "900951", 
	"category": "Fruit & Vegetables/Vegetables/Lettuce & Leafy Greens",
	"brand": "Central Market", 
	"variant": "each", 
	"price": 3.56,
	"list": "Search Results page",
	"position": "17",
	"dimension26": "true",
	"dimension40": "default"
}
</script>

</div>
			</div>
	
		<div class="responsivegriditem-middle ">
			<div class="responsivegriditem__title" onclick="gtm_e_productClick(&#39;gtm-product-click-900951&#39;);">
					<span class="responsivegriditem__title">
					Central Market Organic Baby Spinach, <span class="item-size">5 oz</span></span></div>
			<div class="responsivegriditem__rating-container">
				<div class="cat-star clearfix">
    <div class=""><img src="file:///C:/img/stars/smallstaroff.png" alt=""></div>
			<div class=""><img src="file:///C:/img/stars/smallstaroff.png" alt=""></div>
			<div class=""><img src="file:///C:/img/stars/smallstaroff.png" alt=""></div>
			<div class=""><img src="file:///C:/img/stars/smallstaroff.png" alt=""></div>
			<div class="last-star"><img src="file:///C:/img/stars/smallstaroff.png" alt=""></div>
			</div></div>

			<div class="cat-price">
            <div class="responsivegriditem__price-label"></div>
                    <span class="cat-price-number">
                        $3.56 each</span>
                <span class="cat-sale-price-container">
                <span class="uomSalePrice">
                        ($0.72/oz)
                    </span>
                </span>
        </div><div class="cdp-moq">
				</div>
		</div>
	</a>
	<div class="responsivegriditem-bottom">
		<div class="cart-actions clearfix">
			<form id="form-900951" data-product-id="900951" data-is-hidden="false" data-is-disabled="false" data-is-ship-to-home="false" data-max-qty="99" data-remaining-stock="99" data-is-wine-moq-product="false" data-moq-val="1"><div class="quantity-picker">
			<input type="hidden" value="secondchoice">
					<input type="hidden" value="1" id="4122018532_900951_quantity" data-minstock="1">
				</div>
	<input type="hidden" id="4122018532_maxQty" value="99">
		<input type="hidden" id="4122018532_remainingStock" value="99">
		<input type="hidden" id="4122018532_productId" value="900951">
		<input type="hidden" name="isWineMOQProduct" value="false">
		<input type="hidden" id="4122018532_moqval" value="1">
			<bootstrap class="vue-instance-init">
			<add-to-bucket :product="{&quot;productAvailableAtContext&quot;:true,&quot;smallImageUrl&quot;:&quot;https://images.heb.com/is/image/HEBGrocery/prd-small/central-market-organic-baby-spinach-000900951.jpg&quot;,&quot;isPrimoPick&quot;:false,&quot;isBestAvailable&quot;:false,&quot;isOnAd&quot;:false,&quot;defaultLevelOneCategory&quot;:&quot;{name=Fruit &amp; Vegetables, id=490020}&quot;,&quot;displayName&quot;:&quot;Central Market Organic Baby Spinach&quot;,&quot;thumbnailMediumImageUrl&quot;:&quot;https://images.heb.com/is/image/HEBGrocery/prd-thumbnail-medium/central-market-organic-baby-spinach-000900951.jpg&quot;,&quot;showOnlineMarketingBug&quot;:false,&quot;pdpUrl&quot;:&quot;/product-detail/central-market-organic-baby-spinach/900951&quot;,&quot;snipes&quot;:[{&quot;largeImageUrl&quot;:&quot;https://images.heb.com/is/image/HEBGrocery/snp-large/snipe-so95.jpg&quot;,&quot;name&quot;:&quot;ORGANIC&quot;,&quot;description&quot;:&quot;At least 95% organic and meets USDA standards which prohibits the use of GMOs.&quot;,&quot;position&quot;:1,&quot;mediumImageUrl&quot;:&quot;https://images.heb.com/is/image/HEBGrocery/snp-medium/snipe-so95.jpg&quot;},{&quot;largeImageUrl&quot;:&quot;https://images.heb.com/is/image/HEBGrocery/snp-large/snipe-shh.jpg&quot;,&quot;name&quot;:&quot;HEART HEALTHY&quot;,&quot;description&quot;:&quot;Low in fat, sat. fat, &amp;amp; cholesterol; =600 mg sodium; 10% DV of at least 1: Vit. A, C, Calcium, Iron, Fiber or Protein per serving. While many factors affect heart disease, diets low in saturated fat and cholesterol may reduce the risk of this disease.&quot;,&quot;position&quot;:1,&quot;mediumImageUrl&quot;:&quot;https://images.heb.com/is/image/HEBGrocery/snp-medium/snipe-shh.jpg&quot;}],&quot;defaultBreadCrumb&quot;:[{&quot;displayName&quot;:&quot;Shop&quot;},{&quot;displayName&quot;:&quot;Fruit &amp;amp; Vegetables&quot;},{&quot;displayName&quot;:&quot;Vegetables&quot;},{&quot;displayName&quot;:&quot;Lettuce &amp;amp; Leafy Greens&quot;}],&quot;mediumImageUrl&quot;:&quot;https://images.heb.com/is/image/HEBGrocery/prd-medium/central-market-organic-baby-spinach-000900951.jpg&quot;,&quot;defaultSku&quot;:{&quot;unitWeight&quot;:0.495,&quot;priceInfo&quot;:{&quot;salePrice&quot;:{&quot;unit&quot;:&quot;each&quot;,&quot;formatted&quot;:&quot;$3.56&quot;,&quot;listPriceAmountRounded&quot;:3.56},&quot;priceType&quot;:&quot;EACH&quot;,&quot;listPrice&quot;:{&quot;unit&quot;:&quot;each&quot;,&quot;formatted&quot;:&quot;$3.56&quot;,&quot;listPriceAmountRounded&quot;:3.56}},&quot;thumbnailImageUrl&quot;:&quot;https://images.heb.com/is/image/HEBGrocery/prd-thumbnail/central-market-organic-baby-spinach-000900951.jpg&quot;,&quot;couponIds&quot;:[],&quot;availableCouponIds&quot;:[],&quot;unitOfMeasure&quot;:&quot;oz&quot;,&quot;displayName&quot;:&quot;Organic Baby Spinach&quot;,&quot;onSale&quot;:false,&quot;sceneSevenImage&quot;:&quot;000900951&quot;,&quot;weightSelectionIncrements&quot;:[],&quot;customerFriendlySize&quot;:&quot;5 oz&quot;,&quot;id&quot;:&quot;4122018532&quot;,&quot;customerPurchaseChoice&quot;:&quot;EACH&quot;},&quot;minimumOrderQuantityProduct&quot;:false,&quot;minimumOrderQuantity&quot;:1,&quot;maximumOrderQuantity&quot;:99,&quot;thumbnailImageUrl&quot;:&quot;https://images.heb.com/is/image/HEBGrocery/prd-thumbnail/central-market-organic-baby-spinach-000900951.jpg&quot;,&quot;pricedByWeight&quot;:false,&quot;formattedSalePrice&quot;:&quot;$3.56 each&quot;,&quot;addToCartAllowed&quot;:true,&quot;randomWeight&quot;:false,&quot;addToCartDisabled&quot;:false,&quot;onSale&quot;:false,&quot;id&quot;:&quot;900951&quot;,&quot;brand&quot;:&quot;Central Market&quot;,&quot;ownBrand&quot;:true,&quot;fulfillmentChannel&quot;:5005,&quot;storeAssortment&quot;:{&quot;marketingBugKey&quot;:&quot;&quot;,&quot;marketingBugDescription&quot;:&quot;&quot;,&quot;smallImageMarketingBugUrl&quot;:&quot;&quot;}}" bucket="cart" size="normal" listname="Search Results page" button-type="nonspa"></add-to-bucket>
		</bootstrap>
		<button data-action-requires-cookies="" class="cart-add-list btn btn-list btn-full-width mar-bot-0" title="Add to list" onclick="javascript:displayDropdown(this); return false;">Add to list</button>
							<!-- TODO Get this functionality for the vue version -->
							<div class="atl-container product-record" style="display: none;">
								<div class="atl-container-triangle"></div>
								<ul class="shoppingListSelector">
									<li>
											
											<a onclick="javascript:addToListFromPDP(&#39;900951&#39;, &#39;4122018532&#39;, &#39;gl9476736530&#39;); return false;" href="file:///C:/Users/Christopher/flask-tutorial/heb_lettuce_search.html#" data-shoppinglistid="gl9476736530">My List</a></li>
									</ul>
							</div>
						</form></div>
	</div>

	<script type="application/ld+json" id="gtm-product-click-900951">
{	
	"event": "e_productClick",
	"ecommerce": {
		"click": {
			"actionField": { "list": "Search Results page" },
			"products": [{ 
				"name": "Central Market Organic Baby Spinach", 
				"id": "900951", 
				"category": "Fruit & Vegetables/Vegetables/Lettuce & Leafy Greens", 
				"brand": "Central Market", 
				"variant": "each",
				"price": 3.56,
				"position": 17, 
				"dimension26": "true",
				"dimension40": "default"
			}]
		}
	}
}
</script>

<script type="application/json" id="gtm-add-to-list-product-900951">
	
	[{
		"event": "e_addToList",
		"ecommerce": {
			"add": {
				"actionField": {"list": "Search Results page"},
				"products": [{	
					"name": "Central Market Organic Baby Spinach", 
					"id": "900951", 
					"category": "Fruit & Vegetables",
					"brand": "Central Market", 
					"variant": "each", 
					"price": 3.56,
					"quantity": 1, 
					"dimension26": "true"
				}]
			}
		}
	}
	
	,{
		"event": "e_productClick",
		"ecommerce": {
			"click": {
				"actionField": {"list": "Search Results page"},
				"products": [{ 
					"name": "Central Market Organic Baby Spinach", 
					"id": "900951", 
					"category": "Fruit & Vegetables",
					"brand": "Central Market", 
					"variant": "each", 
					"price": 3.56,
					"position": 17,
					"dimension25": "product add to list",
					"dimension26": "true",
					"dimension40": "default"
				}]
			}
		}
	}
	
	]
	</script>

<input type="hidden" class="one-to-one-product" value="false"></li><li class="responsivegriditem product-grid-large-fifth product-grid-small-6" role="group">
		<a id="product-320117" href="file:///C:/product-detail/fresh-butter-lettuce/320117" aria-label="Fresh Butter Lettuce,
		Each,
		$3.58 each. Features:  GO LOCAL." class="responsivegriditem__aria-link-wrap">
		<div class="responsivegriditem-top " onclick="gtm_e_productClick(&#39;gtm-product-click-320117&#39;);">

			<div class="cat-feature clearfix">
				<div class="cat-feature-list clearfix">
   		<img src="./heb_lettuce_search_files/snipe-sgolocal.jpg" title="GO LOCAL">
	    		</div></div>
			<div class="cat-list-img gtm-product ">

				<img data-src="https://images.heb.com/is/image/HEBGrocery/prd-small/fresh-butter-lettuce-000320117.jpg" alt="" class="lazyload"><script type="application/ld+json">
{	
	"name": "Fresh Butter Lettuce", 
	"id": "320117", 
	"category": "Fruit & Vegetables/Vegetables/Lettuce & Leafy Greens",
	"brand": "Fresh", 
	"variant": "each", 
	"price": 3.58,
	"list": "Search Results page",
	"position": "18",
	"dimension26": "false",
	"dimension40": "default"
}
</script>

</div>
			</div>
	
		<div class="responsivegriditem-middle ">
			<div class="responsivegriditem__title" onclick="gtm_e_productClick(&#39;gtm-product-click-320117&#39;);">
					<span class="responsivegriditem__title">
					Fresh Butter Lettuce, <span class="item-size">Each</span></span></div>
			<div class="responsivegriditem__rating-container">
				<div class="cat-star clearfix">
    <div class=""><img src="file:///C:/img/stars/smallstaroff.png" alt=""></div>
			<div class=""><img src="file:///C:/img/stars/smallstaroff.png" alt=""></div>
			<div class=""><img src="file:///C:/img/stars/smallstaroff.png" alt=""></div>
			<div class=""><img src="file:///C:/img/stars/smallstaroff.png" alt=""></div>
			<div class="last-star"><img src="file:///C:/img/stars/smallstaroff.png" alt=""></div>
			</div></div>

			<div class="cat-price">
            <div class="responsivegriditem__price-label"></div>
                    <span class="cat-price-number">
                        $3.58 each</span>
                <span class="cat-sale-price-container">
                <span class="uomSalePrice">
                        ($3.58/oz)
                    </span>
                </span>
        </div><div class="cdp-moq">
				</div>
		</div>
	</a>
	<div class="responsivegriditem-bottom">
		<div class="cart-actions clearfix">
			<form id="form-320117" data-product-id="320117" data-is-hidden="false" data-is-disabled="false" data-is-ship-to-home="false" data-max-qty="99" data-remaining-stock="99" data-is-wine-moq-product="false" data-moq-val="1"><div class="quantity-picker">
			<input type="hidden" value="secondchoice">
					<input type="hidden" value="1" id="85197300357_320117_quantity" data-minstock="1">
				</div>
	<input type="hidden" id="85197300357_maxQty" value="99">
		<input type="hidden" id="85197300357_remainingStock" value="99">
		<input type="hidden" id="85197300357_productId" value="320117">
		<input type="hidden" name="isWineMOQProduct" value="false">
		<input type="hidden" id="85197300357_moqval" value="1">
			<bootstrap class="vue-instance-init">
			<add-to-bucket :product="{&quot;productAvailableAtContext&quot;:true,&quot;smallImageUrl&quot;:&quot;https://images.heb.com/is/image/HEBGrocery/prd-small/fresh-butter-lettuce-000320117.jpg&quot;,&quot;isPrimoPick&quot;:false,&quot;isBestAvailable&quot;:false,&quot;isOnAd&quot;:false,&quot;defaultLevelOneCategory&quot;:&quot;{name=Fruit &amp; Vegetables, id=490020}&quot;,&quot;displayName&quot;:&quot;Fresh Butter Lettuce&quot;,&quot;thumbnailMediumImageUrl&quot;:&quot;https://images.heb.com/is/image/HEBGrocery/prd-thumbnail-medium/fresh-butter-lettuce-000320117.jpg&quot;,&quot;showOnlineMarketingBug&quot;:false,&quot;pdpUrl&quot;:&quot;/product-detail/fresh-butter-lettuce/320117&quot;,&quot;snipes&quot;:[{&quot;largeImageUrl&quot;:&quot;https://images.heb.com/is/image/HEBGrocery/snp-large/snipe-sgolocal.jpg&quot;,&quot;name&quot;:&quot;GO LOCAL&quot;,&quot;description&quot;:&quot;H-E-B partners with local growers and manufacturers to bring you the freshest products from right here in Texas, from domestic and imported ingredients.&quot;,&quot;position&quot;:1,&quot;mediumImageUrl&quot;:&quot;https://images.heb.com/is/image/HEBGrocery/snp-medium/snipe-sgolocal.jpg&quot;}],&quot;defaultBreadCrumb&quot;:[{&quot;displayName&quot;:&quot;Shop&quot;},{&quot;displayName&quot;:&quot;Fruit &amp;amp; Vegetables&quot;},{&quot;displayName&quot;:&quot;Vegetables&quot;},{&quot;displayName&quot;:&quot;Lettuce &amp;amp; Leafy Greens&quot;}],&quot;mediumImageUrl&quot;:&quot;https://images.heb.com/is/image/HEBGrocery/prd-medium/fresh-butter-lettuce-000320117.jpg&quot;,&quot;defaultSku&quot;:{&quot;unitWeight&quot;:0.565,&quot;priceInfo&quot;:{&quot;salePrice&quot;:{&quot;unit&quot;:&quot;each&quot;,&quot;formatted&quot;:&quot;$3.58&quot;,&quot;listPriceAmountRounded&quot;:3.58},&quot;priceType&quot;:&quot;EACH&quot;,&quot;listPrice&quot;:{&quot;unit&quot;:&quot;each&quot;,&quot;formatted&quot;:&quot;$3.58&quot;,&quot;listPriceAmountRounded&quot;:3.58}},&quot;thumbnailImageUrl&quot;:&quot;https://images.heb.com/is/image/HEBGrocery/prd-thumbnail/fresh-butter-lettuce-000320117.jpg&quot;,&quot;couponIds&quot;:[],&quot;availableCouponIds&quot;:[],&quot;unitOfMeasure&quot;:&quot;oz&quot;,&quot;displayName&quot;:&quot;Butter Lettuce&quot;,&quot;onSale&quot;:false,&quot;sceneSevenImage&quot;:&quot;000320117&quot;,&quot;weightSelectionIncrements&quot;:[],&quot;customerFriendlySize&quot;:&quot;Each&quot;,&quot;id&quot;:&quot;85197300357&quot;,&quot;customerPurchaseChoice&quot;:&quot;EACH&quot;},&quot;minimumOrderQuantityProduct&quot;:false,&quot;minimumOrderQuantity&quot;:1,&quot;maximumOrderQuantity&quot;:99,&quot;thumbnailImageUrl&quot;:&quot;https://images.heb.com/is/image/HEBGrocery/prd-thumbnail/fresh-butter-lettuce-000320117.jpg&quot;,&quot;pricedByWeight&quot;:false,&quot;formattedSalePrice&quot;:&quot;$3.58 each&quot;,&quot;addToCartAllowed&quot;:true,&quot;randomWeight&quot;:false,&quot;addToCartDisabled&quot;:false,&quot;onSale&quot;:false,&quot;id&quot;:&quot;320117&quot;,&quot;brand&quot;:&quot;Fresh&quot;,&quot;ownBrand&quot;:false,&quot;fulfillmentChannel&quot;:5005,&quot;storeAssortment&quot;:{&quot;marketingBugKey&quot;:&quot;&quot;,&quot;marketingBugDescription&quot;:&quot;&quot;,&quot;smallImageMarketingBugUrl&quot;:&quot;&quot;}}" bucket="cart" size="normal" listname="Search Results page" button-type="nonspa"></add-to-bucket>
		</bootstrap>
		<button data-action-requires-cookies="" class="cart-add-list btn btn-list btn-full-width mar-bot-0" title="Add to list" onclick="javascript:displayDropdown(this); return false;">Add to list</button>
							<!-- TODO Get this functionality for the vue version -->
							<div class="atl-container product-record" style="display: none;">
								<div class="atl-container-triangle"></div>
								<ul class="shoppingListSelector">
									<li>
											
											<a onclick="javascript:addToListFromPDP(&#39;320117&#39;, &#39;85197300357&#39;, &#39;gl9476736530&#39;); return false;" href="file:///C:/Users/Christopher/flask-tutorial/heb_lettuce_search.html#" data-shoppinglistid="gl9476736530">My List</a></li>
									</ul>
							</div>
						</form></div>
	</div>

	<script type="application/ld+json" id="gtm-product-click-320117">
{	
	"event": "e_productClick",
	"ecommerce": {
		"click": {
			"actionField": { "list": "Search Results page" },
			"products": [{ 
				"name": "Fresh Butter Lettuce", 
				"id": "320117", 
				"category": "Fruit & Vegetables/Vegetables/Lettuce & Leafy Greens", 
				"brand": "Fresh", 
				"variant": "each",
				"price": 3.58,
				"position": 18, 
				"dimension26": "false",
				"dimension40": "default"
			}]
		}
	}
}
</script>

<script type="application/json" id="gtm-add-to-list-product-320117">
	
	[{
		"event": "e_addToList",
		"ecommerce": {
			"add": {
				"actionField": {"list": "Search Results page"},
				"products": [{	
					"name": "Fresh Butter Lettuce", 
					"id": "320117", 
					"category": "Fruit & Vegetables",
					"brand": "Fresh", 
					"variant": "each", 
					"price": 3.58,
					"quantity": 1, 
					"dimension26": "false"
				}]
			}
		}
	}
	
	,{
		"event": "e_productClick",
		"ecommerce": {
			"click": {
				"actionField": {"list": "Search Results page"},
				"products": [{ 
					"name": "Fresh Butter Lettuce", 
					"id": "320117", 
					"category": "Fruit & Vegetables",
					"brand": "Fresh", 
					"variant": "each", 
					"price": 3.58,
					"position": 18,
					"dimension25": "product add to list",
					"dimension26": "false",
					"dimension40": "default"
				}]
			}
		}
	}
	
	]
	</script>

<input type="hidden" class="one-to-one-product" value="false"></li><li class="responsivegriditem product-grid-large-fifth product-grid-small-6" role="group">
		<a id="product-1119800" href="file:///C:/product-detail/h-e-b-select-ingredients-american-salad-blend/1119800" aria-label="H-E-B Select Ingredients American Salad Blend,
		12 oz,
		$2.76 each. Features:  HEART HEALTHY.  SELECT INGREDIENTS." class="responsivegriditem__aria-link-wrap">
		<div class="responsivegriditem-top " onclick="gtm_e_productClick(&#39;gtm-product-click-1119800&#39;);">

			<div class="cat-feature clearfix">
				<div class="cat-feature-list clearfix">
   		<img src="./heb_lettuce_search_files/snipe-shh.jpg" title="HEART HEALTHY">
	    		<img src="./heb_lettuce_search_files/snipe-shsi.jpg" title="SELECT INGREDIENTS">
	    		</div></div>
			<div class="cat-list-img gtm-product ">

				<img data-src="https://images.heb.com/is/image/HEBGrocery/prd-small/h-e-b-select-ingredients-american-salad-blend-001119800.jpg" alt="" class="lazyload"><script type="application/ld+json">
{	
	"name": "H-E-B Select Ingredients American Salad Blend", 
	"id": "1119800", 
	"category": "Fruit & Vegetables/Vegetables/Lettuce & Leafy Greens",
	"brand": "H-E-B", 
	"variant": "each", 
	"price": 2.76,
	"list": "Search Results page",
	"position": "19",
	"dimension26": "true",
	"dimension40": "default"
}
</script>

</div>
			</div>
	
		<div class="responsivegriditem-middle ">
			<div class="responsivegriditem__title" onclick="gtm_e_productClick(&#39;gtm-product-click-1119800&#39;);">
					<span class="responsivegriditem__title">
					H-E-B Select Ingredients American Salad Blend, <span class="item-size">12 oz</span></span></div>
			<div class="responsivegriditem__rating-container">
				<div class="cat-star clearfix">
    <div class=""><img src="file:///C:/img/stars/smallstaroff.png" alt=""></div>
			<div class=""><img src="file:///C:/img/stars/smallstaroff.png" alt=""></div>
			<div class=""><img src="file:///C:/img/stars/smallstaroff.png" alt=""></div>
			<div class=""><img src="file:///C:/img/stars/smallstaroff.png" alt=""></div>
			<div class="last-star"><img src="file:///C:/img/stars/smallstaroff.png" alt=""></div>
			</div></div>

			<div class="cat-price">
            <div class="responsivegriditem__price-label"></div>
                    <span class="cat-price-number">
                        $2.76 each</span>
                <span class="cat-sale-price-container">
                <span class="uomSalePrice">
                        ($0.23/oz)
                    </span>
                </span>
        </div><div class="cdp-moq">
				</div>
		</div>
	</a>
	<div class="responsivegriditem-bottom">
		<div class="cart-actions clearfix">
			<form id="form-1119800" data-product-id="1119800" data-is-hidden="false" data-is-disabled="false" data-is-ship-to-home="false" data-max-qty="99" data-remaining-stock="99" data-is-wine-moq-product="false" data-moq-val="1"><div class="quantity-picker">
			<input type="hidden" value="secondchoice">
					<input type="hidden" value="1" id="4122029836_1119800_quantity" data-minstock="1">
				</div>
	<input type="hidden" id="4122029836_maxQty" value="99">
		<input type="hidden" id="4122029836_remainingStock" value="99">
		<input type="hidden" id="4122029836_productId" value="1119800">
		<input type="hidden" name="isWineMOQProduct" value="false">
		<input type="hidden" id="4122029836_moqval" value="1">
			<bootstrap class="vue-instance-init">
			<add-to-bucket :product="{&quot;productAvailableAtContext&quot;:true,&quot;smallImageUrl&quot;:&quot;https://images.heb.com/is/image/HEBGrocery/prd-small/h-e-b-select-ingredients-american-salad-blend-001119800.jpg&quot;,&quot;isPrimoPick&quot;:false,&quot;isBestAvailable&quot;:false,&quot;isOnAd&quot;:false,&quot;defaultLevelOneCategory&quot;:&quot;{name=Fruit &amp; Vegetables, id=490020}&quot;,&quot;displayName&quot;:&quot;H-E-B Select Ingredients American Salad Blend&quot;,&quot;thumbnailMediumImageUrl&quot;:&quot;https://images.heb.com/is/image/HEBGrocery/prd-thumbnail-medium/h-e-b-select-ingredients-american-salad-blend-001119800.jpg&quot;,&quot;showOnlineMarketingBug&quot;:false,&quot;pdpUrl&quot;:&quot;/product-detail/h-e-b-select-ingredients-american-salad-blend/1119800&quot;,&quot;snipes&quot;:[{&quot;largeImageUrl&quot;:&quot;https://images.heb.com/is/image/HEBGrocery/snp-large/snipe-shh.jpg&quot;,&quot;name&quot;:&quot;HEART HEALTHY&quot;,&quot;description&quot;:&quot;Low in fat, sat. fat, &amp;amp; cholesterol; =600 mg sodium; 10% DV of at least 1: Vit. A, C, Calcium, Iron, Fiber or Protein per serving. While many factors affect heart disease, diets low in saturated fat and cholesterol may reduce the risk of this disease.&quot;,&quot;position&quot;:1,&quot;mediumImageUrl&quot;:&quot;https://images.heb.com/is/image/HEBGrocery/snp-medium/snipe-shh.jpg&quot;},{&quot;largeImageUrl&quot;:&quot;https://images.heb.com/is/image/HEBGrocery/snp-large/snipe-shsi.jpg&quot;,&quot;name&quot;:&quot;SELECT INGREDIENTS&quot;,&quot;description&quot;:&quot;With H-E-B® select ingredients, you will enjoy foods with carefully chosen ingredients. We never use high fructose corn syrup or hundreds of other synthetic ingredients that may be used in processed foods. For a complete list of ingredients not allowed in H-E-B® select ingredients and a list of additional products to add to your shopping list visit heb.com/select&quot;,&quot;position&quot;:1,&quot;mediumImageUrl&quot;:&quot;https://images.heb.com/is/image/HEBGrocery/snp-medium/snipe-shsi.jpg&quot;}],&quot;defaultBreadCrumb&quot;:[{&quot;displayName&quot;:&quot;Shop&quot;},{&quot;displayName&quot;:&quot;Fruit &amp;amp; Vegetables&quot;},{&quot;displayName&quot;:&quot;Vegetables&quot;},{&quot;displayName&quot;:&quot;Lettuce &amp;amp; Leafy Greens&quot;}],&quot;mediumImageUrl&quot;:&quot;https://images.heb.com/is/image/HEBGrocery/prd-medium/h-e-b-select-ingredients-american-salad-blend-001119800.jpg&quot;,&quot;defaultSku&quot;:{&quot;unitWeight&quot;:0.8,&quot;priceInfo&quot;:{&quot;salePrice&quot;:{&quot;unit&quot;:&quot;each&quot;,&quot;formatted&quot;:&quot;$2.76&quot;,&quot;listPriceAmountRounded&quot;:2.76},&quot;priceType&quot;:&quot;EACH&quot;,&quot;listPrice&quot;:{&quot;unit&quot;:&quot;each&quot;,&quot;formatted&quot;:&quot;$2.76&quot;,&quot;listPriceAmountRounded&quot;:2.76}},&quot;thumbnailImageUrl&quot;:&quot;https://images.heb.com/is/image/HEBGrocery/prd-thumbnail/h-e-b-select-ingredients-american-salad-blend-001119800.jpg&quot;,&quot;couponIds&quot;:[],&quot;availableCouponIds&quot;:[],&quot;unitOfMeasure&quot;:&quot;oz&quot;,&quot;displayName&quot;:&quot;Select Ingredients American Salad Blend&quot;,&quot;onSale&quot;:false,&quot;sceneSevenImage&quot;:&quot;001119800&quot;,&quot;weightSelectionIncrements&quot;:[],&quot;customerFriendlySize&quot;:&quot;12 oz&quot;,&quot;id&quot;:&quot;4122029836&quot;,&quot;customerPurchaseChoice&quot;:&quot;EACH&quot;},&quot;minimumOrderQuantityProduct&quot;:false,&quot;minimumOrderQuantity&quot;:1,&quot;maximumOrderQuantity&quot;:99,&quot;thumbnailImageUrl&quot;:&quot;https://images.heb.com/is/image/HEBGrocery/prd-thumbnail/h-e-b-select-ingredients-american-salad-blend-001119800.jpg&quot;,&quot;pricedByWeight&quot;:false,&quot;formattedSalePrice&quot;:&quot;$2.76 each&quot;,&quot;addToCartAllowed&quot;:true,&quot;randomWeight&quot;:false,&quot;addToCartDisabled&quot;:false,&quot;onSale&quot;:false,&quot;id&quot;:&quot;1119800&quot;,&quot;brand&quot;:&quot;H-E-B&quot;,&quot;ownBrand&quot;:true,&quot;fulfillmentChannel&quot;:5005,&quot;storeAssortment&quot;:{&quot;marketingBugKey&quot;:&quot;&quot;,&quot;marketingBugDescription&quot;:&quot;&quot;,&quot;smallImageMarketingBugUrl&quot;:&quot;&quot;}}" bucket="cart" size="normal" listname="Search Results page" button-type="nonspa"></add-to-bucket>
		</bootstrap>
		<button data-action-requires-cookies="" class="cart-add-list btn btn-list btn-full-width mar-bot-0" title="Add to list" onclick="javascript:displayDropdown(this); return false;">Add to list</button>
							<!-- TODO Get this functionality for the vue version -->
							<div class="atl-container product-record" style="display: none;">
								<div class="atl-container-triangle"></div>
								<ul class="shoppingListSelector">
									<li>
											
											<a onclick="javascript:addToListFromPDP(&#39;1119800&#39;, &#39;4122029836&#39;, &#39;gl9476736530&#39;); return false;" href="file:///C:/Users/Christopher/flask-tutorial/heb_lettuce_search.html#" data-shoppinglistid="gl9476736530">My List</a></li>
									</ul>
							</div>
						</form></div>
	</div>

	<script type="application/ld+json" id="gtm-product-click-1119800">
{	
	"event": "e_productClick",
	"ecommerce": {
		"click": {
			"actionField": { "list": "Search Results page" },
			"products": [{ 
				"name": "H-E-B Select Ingredients American Salad Blend", 
				"id": "1119800", 
				"category": "Fruit & Vegetables/Vegetables/Lettuce & Leafy Greens", 
				"brand": "H-E-B", 
				"variant": "each",
				"price": 2.76,
				"position": 19, 
				"dimension26": "true",
				"dimension40": "default"
			}]
		}
	}
}
</script>

<script type="application/json" id="gtm-add-to-list-product-1119800">
	
	[{
		"event": "e_addToList",
		"ecommerce": {
			"add": {
				"actionField": {"list": "Search Results page"},
				"products": [{	
					"name": "H-E-B Select Ingredients American Salad Blend", 
					"id": "1119800", 
					"category": "Fruit & Vegetables",
					"brand": "H-E-B", 
					"variant": "each", 
					"price": 2.76,
					"quantity": 1, 
					"dimension26": "true"
				}]
			}
		}
	}
	
	,{
		"event": "e_productClick",
		"ecommerce": {
			"click": {
				"actionField": {"list": "Search Results page"},
				"products": [{ 
					"name": "H-E-B Select Ingredients American Salad Blend", 
					"id": "1119800", 
					"category": "Fruit & Vegetables",
					"brand": "H-E-B", 
					"variant": "each", 
					"price": 2.76,
					"position": 19,
					"dimension25": "product add to list",
					"dimension26": "true",
					"dimension40": "default"
				}]
			}
		}
	}
	
	]
	</script>

<input type="hidden" class="one-to-one-product" value="false"></li><li class="responsivegriditem product-grid-large-fifth product-grid-small-6" role="group">
		<a id="product-2076056" href="file:///C:/product-detail/fresh-organic-green-butter-lettuce/2076056" aria-label="Fresh Organic Green Butter Lettuce,
		Each,
		$4.10 each. Features:  ORGANIC." class="responsivegriditem__aria-link-wrap">
		<div class="responsivegriditem-top " onclick="gtm_e_productClick(&#39;gtm-product-click-2076056&#39;);">

			<div class="cat-feature clearfix">
				<div class="cat-feature-list clearfix">
   		<img src="./heb_lettuce_search_files/snipe-so95.jpg" title="ORGANIC">
	    		</div></div>
			<div class="cat-list-img gtm-product ">

				<img data-src="https://images.heb.com/is/image/HEBGrocery/prd-small/fresh-organic-green-butter-lettuce-002076056.jpg" alt="" class="lazyload"><script type="application/ld+json">
{	
	"name": "Fresh Organic Green Butter Lettuce", 
	"id": "2076056", 
	"category": "Fruit & Vegetables/Vegetables/Lettuce & Leafy Greens",
	"brand": "Fresh", 
	"variant": "each", 
	"price": 4.1,
	"list": "Search Results page",
	"position": "20",
	"dimension26": "false",
	"dimension40": "default"
}
</script>

</div>
			</div>
	
		<div class="responsivegriditem-middle ">
			<div class="responsivegriditem__title" onclick="gtm_e_productClick(&#39;gtm-product-click-2076056&#39;);">
					<span class="responsivegriditem__title">
					Fresh Organic Green Butter Lettuce, <span class="item-size">Each</span></span></div>
			<div class="responsivegriditem__rating-container">
				<div class="cat-star clearfix">
    <div class=""><img src="file:///C:/img/stars/smallstaroff.png" alt=""></div>
			<div class=""><img src="file:///C:/img/stars/smallstaroff.png" alt=""></div>
			<div class=""><img src="file:///C:/img/stars/smallstaroff.png" alt=""></div>
			<div class=""><img src="file:///C:/img/stars/smallstaroff.png" alt=""></div>
			<div class="last-star"><img src="file:///C:/img/stars/smallstaroff.png" alt=""></div>
			</div></div>

			<div class="cat-price">
            <div class="responsivegriditem__price-label"></div>
                    <span class="cat-price-number">
                        $4.10 each</span>
                <span class="cat-sale-price-container">
                </span>
        </div><div class="cdp-moq">
				</div>
		</div>
	</a>
	<div class="responsivegriditem-bottom">
		<div class="cart-actions clearfix">
			<form id="form-2076056" data-product-id="2076056" data-is-hidden="false" data-is-disabled="false" data-is-ship-to-home="false" data-max-qty="99" data-remaining-stock="99" data-is-wine-moq-product="false" data-moq-val="1"><div class="quantity-picker">
			<input type="hidden" value="secondchoice">
					<input type="hidden" value="1" id="71658201770_2076056_quantity" data-minstock="1">
				</div>
	<input type="hidden" id="71658201770_maxQty" value="99">
		<input type="hidden" id="71658201770_remainingStock" value="99">
		<input type="hidden" id="71658201770_productId" value="2076056">
		<input type="hidden" name="isWineMOQProduct" value="false">
		<input type="hidden" id="71658201770_moqval" value="1">
			<bootstrap class="vue-instance-init">
			<add-to-bucket :product="{&quot;productAvailableAtContext&quot;:true,&quot;smallImageUrl&quot;:&quot;https://images.heb.com/is/image/HEBGrocery/prd-small/fresh-organic-green-butter-lettuce-002076056.jpg&quot;,&quot;isPrimoPick&quot;:false,&quot;isBestAvailable&quot;:false,&quot;isOnAd&quot;:false,&quot;defaultLevelOneCategory&quot;:&quot;{name=Fruit &amp; Vegetables, id=490020}&quot;,&quot;displayName&quot;:&quot;Fresh Organic Green Butter Lettuce&quot;,&quot;thumbnailMediumImageUrl&quot;:&quot;https://images.heb.com/is/image/HEBGrocery/prd-thumbnail-medium/fresh-organic-green-butter-lettuce-002076056.jpg&quot;,&quot;showOnlineMarketingBug&quot;:false,&quot;pdpUrl&quot;:&quot;/product-detail/fresh-organic-green-butter-lettuce/2076056&quot;,&quot;snipes&quot;:[{&quot;largeImageUrl&quot;:&quot;https://images.heb.com/is/image/HEBGrocery/snp-large/snipe-so95.jpg&quot;,&quot;name&quot;:&quot;ORGANIC&quot;,&quot;description&quot;:&quot;At least 95% organic and meets USDA standards which prohibits the use of GMOs.&quot;,&quot;position&quot;:1,&quot;mediumImageUrl&quot;:&quot;https://images.heb.com/is/image/HEBGrocery/snp-medium/snipe-so95.jpg&quot;}],&quot;defaultBreadCrumb&quot;:[{&quot;displayName&quot;:&quot;Shop&quot;},{&quot;displayName&quot;:&quot;Fruit &amp;amp; Vegetables&quot;},{&quot;displayName&quot;:&quot;Vegetables&quot;},{&quot;displayName&quot;:&quot;Lettuce &amp;amp; Leafy Greens&quot;}],&quot;mediumImageUrl&quot;:&quot;https://images.heb.com/is/image/HEBGrocery/prd-medium/fresh-organic-green-butter-lettuce-002076056.jpg&quot;,&quot;defaultSku&quot;:{&quot;unitWeight&quot;:0.475,&quot;priceInfo&quot;:{&quot;salePrice&quot;:{&quot;unit&quot;:&quot;each&quot;,&quot;formatted&quot;:&quot;$4.10&quot;,&quot;listPriceAmountRounded&quot;:4.1},&quot;priceType&quot;:&quot;EACH&quot;,&quot;listPrice&quot;:{&quot;unit&quot;:&quot;each&quot;,&quot;formatted&quot;:&quot;$4.10&quot;,&quot;listPriceAmountRounded&quot;:4.1}},&quot;thumbnailImageUrl&quot;:&quot;https://images.heb.com/is/image/HEBGrocery/prd-thumbnail/fresh-organic-green-butter-lettuce-002076056.jpg&quot;,&quot;couponIds&quot;:[],&quot;availableCouponIds&quot;:[],&quot;unitOfMeasure&quot;:&quot;EACH&quot;,&quot;displayName&quot;:&quot;Organic Green Butter Lettuce&quot;,&quot;onSale&quot;:false,&quot;sceneSevenImage&quot;:&quot;002076056&quot;,&quot;weightSelectionIncrements&quot;:[],&quot;customerFriendlySize&quot;:&quot;Each&quot;,&quot;id&quot;:&quot;71658201770&quot;,&quot;customerPurchaseChoice&quot;:&quot;EACH&quot;},&quot;minimumOrderQuantityProduct&quot;:false,&quot;minimumOrderQuantity&quot;:1,&quot;maximumOrderQuantity&quot;:99,&quot;thumbnailImageUrl&quot;:&quot;https://images.heb.com/is/image/HEBGrocery/prd-thumbnail/fresh-organic-green-butter-lettuce-002076056.jpg&quot;,&quot;pricedByWeight&quot;:false,&quot;formattedSalePrice&quot;:&quot;$4.10 each&quot;,&quot;addToCartAllowed&quot;:true,&quot;randomWeight&quot;:false,&quot;addToCartDisabled&quot;:false,&quot;onSale&quot;:false,&quot;id&quot;:&quot;2076056&quot;,&quot;brand&quot;:&quot;Fresh&quot;,&quot;ownBrand&quot;:false,&quot;fulfillmentChannel&quot;:5005,&quot;storeAssortment&quot;:{&quot;marketingBugKey&quot;:&quot;&quot;,&quot;marketingBugDescription&quot;:&quot;&quot;,&quot;smallImageMarketingBugUrl&quot;:&quot;&quot;}}" bucket="cart" size="normal" listname="Search Results page" button-type="nonspa"></add-to-bucket>
		</bootstrap>
		<button data-action-requires-cookies="" class="cart-add-list btn btn-list btn-full-width mar-bot-0" title="Add to list" onclick="javascript:displayDropdown(this); return false;">Add to list</button>
							<!-- TODO Get this functionality for the vue version -->
							<div class="atl-container product-record" style="display: none;">
								<div class="atl-container-triangle"></div>
								<ul class="shoppingListSelector">
									<li>
											
											<a onclick="javascript:addToListFromPDP(&#39;2076056&#39;, &#39;71658201770&#39;, &#39;gl9476736530&#39;); return false;" href="file:///C:/Users/Christopher/flask-tutorial/heb_lettuce_search.html#" data-shoppinglistid="gl9476736530">My List</a></li>
									</ul>
							</div>
						</form></div>
	</div>

	<script type="application/ld+json" id="gtm-product-click-2076056">
{	
	"event": "e_productClick",
	"ecommerce": {
		"click": {
			"actionField": { "list": "Search Results page" },
			"products": [{ 
				"name": "Fresh Organic Green Butter Lettuce", 
				"id": "2076056", 
				"category": "Fruit & Vegetables/Vegetables/Lettuce & Leafy Greens", 
				"brand": "Fresh", 
				"variant": "each",
				"price": 4.1,
				"position": 20, 
				"dimension26": "false",
				"dimension40": "default"
			}]
		}
	}
}
</script>

<script type="application/json" id="gtm-add-to-list-product-2076056">
	
	[{
		"event": "e_addToList",
		"ecommerce": {
			"add": {
				"actionField": {"list": "Search Results page"},
				"products": [{	
					"name": "Fresh Organic Green Butter Lettuce", 
					"id": "2076056", 
					"category": "Fruit & Vegetables",
					"brand": "Fresh", 
					"variant": "each", 
					"price": 4.1,
					"quantity": 1, 
					"dimension26": "false"
				}]
			}
		}
	}
	
	,{
		"event": "e_productClick",
		"ecommerce": {
			"click": {
				"actionField": {"list": "Search Results page"},
				"products": [{ 
					"name": "Fresh Organic Green Butter Lettuce", 
					"id": "2076056", 
					"category": "Fruit & Vegetables",
					"brand": "Fresh", 
					"variant": "each", 
					"price": 4.1,
					"position": 20,
					"dimension25": "product add to list",
					"dimension26": "false",
					"dimension40": "default"
				}]
			}
		}
	}
	
	]
	</script>

<input type="hidden" class="one-to-one-product" value="false"></li><li class="responsivegriditem product-grid-large-fifth product-grid-small-6" role="group">
		<a id="product-985095" href="file:///C:/product-detail/h-e-b-select-ingredients-nbsp-garden-salad-blend/985095" aria-label="H-E-B Select Ingredients Garden Salad Blend,
		6 oz,
		$0.97 each. Features:  HEART HEALTHY.  SELECT INGREDIENTS.  Rated 4.3 out of five stars." class="responsivegriditem__aria-link-wrap">
		<div class="responsivegriditem-top " onclick="gtm_e_productClick(&#39;gtm-product-click-985095&#39;);">

			<div class="cat-feature clearfix">
				<div class="cat-feature-list clearfix">
   		<img src="./heb_lettuce_search_files/snipe-shh.jpg" title="HEART HEALTHY">
	    		<img src="./heb_lettuce_search_files/snipe-shsi.jpg" title="SELECT INGREDIENTS">
	    		</div></div>
			<div class="cat-list-img gtm-product ">

				<img data-src="https://images.heb.com/is/image/HEBGrocery/prd-small/h-e-b-select-ingredients-nbsp-garden-salad-blend-000985095.jpg" alt="" class="lazyload"><script type="application/ld+json">
{	
	"name": "H-E-B Select Ingredients&nbsp;Garden Salad Blend", 
	"id": "985095", 
	"category": "Fruit & Vegetables/Vegetables/Lettuce & Leafy Greens",
	"brand": "H-E-B", 
	"variant": "each", 
	"price": 0.97,
	"list": "Search Results page",
	"position": "21",
	"dimension26": "true",
	"dimension40": "default"
}
</script>

</div>
			</div>
	
		<div class="responsivegriditem-middle ">
			<div class="responsivegriditem__title" onclick="gtm_e_productClick(&#39;gtm-product-click-985095&#39;);">
					<span class="responsivegriditem__title">
					H-E-B Select Ingredients&nbsp;Garden Salad Blend, <span class="item-size">6 oz</span></span></div>
			<div class="responsivegriditem__rating-container">
				<div class="cat-star clearfix">
    <div class=""><img src="file:///C:/img/stars/smallstaron.png" alt=""></div>
			<div class=""><img src="file:///C:/img/stars/smallstaron.png" alt=""></div>
			<div class=""><img src="file:///C:/img/stars/smallstaron.png" alt=""></div>
			<div class=""><img src="file:///C:/img/stars/smallstaron.png" alt=""></div>
			<div class="last-star"><img src="file:///C:/img/stars/smallstaron_50.png" alt=""></div>
			<span>(3)</span>
   	</div></div>

			<div class="cat-price">
            <div class="responsivegriditem__price-label"></div>
                    <span class="cat-price-number">
                        $0.97 each</span>
                <span class="cat-sale-price-container">
                <span class="uomSalePrice">
                        ($0.17/oz)
                    </span>
                </span>
        </div><div class="cdp-moq">
				</div>
		</div>
	</a>
	<div class="responsivegriditem-bottom">
		<div class="cart-actions clearfix">
			<form id="form-985095" data-product-id="985095" data-is-hidden="false" data-is-disabled="false" data-is-ship-to-home="false" data-max-qty="99" data-remaining-stock="99" data-is-wine-moq-product="false" data-moq-val="1"><div class="quantity-picker">
			<input type="hidden" value="secondchoice">
					<input type="hidden" value="1" id="4122019755_985095_quantity" data-minstock="1">
				</div>
	<input type="hidden" id="4122019755_maxQty" value="99">
		<input type="hidden" id="4122019755_remainingStock" value="99">
		<input type="hidden" id="4122019755_productId" value="985095">
		<input type="hidden" name="isWineMOQProduct" value="false">
		<input type="hidden" id="4122019755_moqval" value="1">
			<bootstrap class="vue-instance-init">
			<add-to-bucket :product="{&quot;productAvailableAtContext&quot;:true,&quot;smallImageUrl&quot;:&quot;https://images.heb.com/is/image/HEBGrocery/prd-small/h-e-b-select-ingredients-nbsp-garden-salad-blend-000985095.jpg&quot;,&quot;isPrimoPick&quot;:false,&quot;isBestAvailable&quot;:false,&quot;isOnAd&quot;:false,&quot;defaultLevelOneCategory&quot;:&quot;{name=Fruit &amp; Vegetables, id=490020}&quot;,&quot;displayName&quot;:&quot;H-E-B Select Ingredients&amp;amp;nbsp;Garden Salad Blend&quot;,&quot;thumbnailMediumImageUrl&quot;:&quot;https://images.heb.com/is/image/HEBGrocery/prd-thumbnail-medium/h-e-b-select-ingredients-nbsp-garden-salad-blend-000985095.jpg&quot;,&quot;showOnlineMarketingBug&quot;:false,&quot;pdpUrl&quot;:&quot;/product-detail/h-e-b-select-ingredients-nbsp-garden-salad-blend/985095&quot;,&quot;snipes&quot;:[{&quot;largeImageUrl&quot;:&quot;https://images.heb.com/is/image/HEBGrocery/snp-large/snipe-shh.jpg&quot;,&quot;name&quot;:&quot;HEART HEALTHY&quot;,&quot;description&quot;:&quot;Low in fat, sat. fat, &amp;amp; cholesterol; =600 mg sodium; 10% DV of at least 1: Vit. A, C, Calcium, Iron, Fiber or Protein per serving. While many factors affect heart disease, diets low in saturated fat and cholesterol may reduce the risk of this disease.&quot;,&quot;position&quot;:1,&quot;mediumImageUrl&quot;:&quot;https://images.heb.com/is/image/HEBGrocery/snp-medium/snipe-shh.jpg&quot;},{&quot;largeImageUrl&quot;:&quot;https://images.heb.com/is/image/HEBGrocery/snp-large/snipe-shsi.jpg&quot;,&quot;name&quot;:&quot;SELECT INGREDIENTS&quot;,&quot;description&quot;:&quot;With H-E-B® select ingredients, you will enjoy foods with carefully chosen ingredients. We never use high fructose corn syrup or hundreds of other synthetic ingredients that may be used in processed foods. For a complete list of ingredients not allowed in H-E-B® select ingredients and a list of additional products to add to your shopping list visit heb.com/select&quot;,&quot;position&quot;:1,&quot;mediumImageUrl&quot;:&quot;https://images.heb.com/is/image/HEBGrocery/snp-medium/snipe-shsi.jpg&quot;}],&quot;defaultBreadCrumb&quot;:[{&quot;displayName&quot;:&quot;Shop&quot;},{&quot;displayName&quot;:&quot;Fruit &amp;amp; Vegetables&quot;},{&quot;displayName&quot;:&quot;Vegetables&quot;},{&quot;displayName&quot;:&quot;Lettuce &amp;amp; Leafy Greens&quot;}],&quot;mediumImageUrl&quot;:&quot;https://images.heb.com/is/image/HEBGrocery/prd-medium/h-e-b-select-ingredients-nbsp-garden-salad-blend-000985095.jpg&quot;,&quot;defaultSku&quot;:{&quot;unitWeight&quot;:0.405,&quot;priceInfo&quot;:{&quot;salePrice&quot;:{&quot;unit&quot;:&quot;each&quot;,&quot;formatted&quot;:&quot;$0.97&quot;,&quot;listPriceAmountRounded&quot;:0.97},&quot;priceType&quot;:&quot;EACH&quot;,&quot;listPrice&quot;:{&quot;unit&quot;:&quot;each&quot;,&quot;formatted&quot;:&quot;$0.97&quot;,&quot;listPriceAmountRounded&quot;:0.97}},&quot;thumbnailImageUrl&quot;:&quot;https://images.heb.com/is/image/HEBGrocery/prd-thumbnail/h-e-b-select-ingredients-nbsp-garden-salad-blend-000985095.jpg&quot;,&quot;couponIds&quot;:[],&quot;availableCouponIds&quot;:[],&quot;unitOfMeasure&quot;:&quot;oz&quot;,&quot;displayName&quot;:&quot;Select Ingredients&amp;amp;nbsp;Garden Salad Blend&quot;,&quot;onSale&quot;:false,&quot;sceneSevenImage&quot;:&quot;000985095&quot;,&quot;weightSelectionIncrements&quot;:[],&quot;customerFriendlySize&quot;:&quot;6 oz&quot;,&quot;id&quot;:&quot;4122019755&quot;,&quot;customerPurchaseChoice&quot;:&quot;EACH&quot;},&quot;minimumOrderQuantityProduct&quot;:false,&quot;minimumOrderQuantity&quot;:1,&quot;maximumOrderQuantity&quot;:99,&quot;thumbnailImageUrl&quot;:&quot;https://images.heb.com/is/image/HEBGrocery/prd-thumbnail/h-e-b-select-ingredients-nbsp-garden-salad-blend-000985095.jpg&quot;,&quot;pricedByWeight&quot;:false,&quot;formattedSalePrice&quot;:&quot;$0.97 each&quot;,&quot;addToCartAllowed&quot;:true,&quot;randomWeight&quot;:false,&quot;addToCartDisabled&quot;:false,&quot;onSale&quot;:false,&quot;id&quot;:&quot;985095&quot;,&quot;brand&quot;:&quot;H-E-B&quot;,&quot;ownBrand&quot;:true,&quot;fulfillmentChannel&quot;:5005,&quot;storeAssortment&quot;:{&quot;marketingBugKey&quot;:&quot;&quot;,&quot;marketingBugDescription&quot;:&quot;&quot;,&quot;smallImageMarketingBugUrl&quot;:&quot;&quot;}}" bucket="cart" size="normal" listname="Search Results page" button-type="nonspa"></add-to-bucket>
		</bootstrap>
		<button data-action-requires-cookies="" class="cart-add-list btn btn-list btn-full-width mar-bot-0" title="Add to list" onclick="javascript:displayDropdown(this); return false;">Add to list</button>
							<!-- TODO Get this functionality for the vue version -->
							<div class="atl-container product-record" style="display: none;">
								<div class="atl-container-triangle"></div>
								<ul class="shoppingListSelector">
									<li>
											
											<a onclick="javascript:addToListFromPDP(&#39;985095&#39;, &#39;4122019755&#39;, &#39;gl9476736530&#39;); return false;" href="file:///C:/Users/Christopher/flask-tutorial/heb_lettuce_search.html#" data-shoppinglistid="gl9476736530">My List</a></li>
									</ul>
							</div>
						</form></div>
	</div>

	<script type="application/ld+json" id="gtm-product-click-985095">
{	
	"event": "e_productClick",
	"ecommerce": {
		"click": {
			"actionField": { "list": "Search Results page" },
			"products": [{ 
				"name": "H-E-B Select Ingredients&nbsp;Garden Salad Blend", 
				"id": "985095", 
				"category": "Fruit & Vegetables/Vegetables/Lettuce & Leafy Greens", 
				"brand": "H-E-B", 
				"variant": "each",
				"price": 0.97,
				"position": 21, 
				"dimension26": "true",
				"dimension40": "default"
			}]
		}
	}
}
</script>

<script type="application/json" id="gtm-add-to-list-product-985095">
	
	[{
		"event": "e_addToList",
		"ecommerce": {
			"add": {
				"actionField": {"list": "Search Results page"},
				"products": [{	
					"name": "H-E-B Select Ingredients&nbsp;Garden Salad Blend", 
					"id": "985095", 
					"category": "Fruit & Vegetables",
					"brand": "H-E-B", 
					"variant": "each", 
					"price": 0.97,
					"quantity": 1, 
					"dimension26": "true"
				}]
			}
		}
	}
	
	,{
		"event": "e_productClick",
		"ecommerce": {
			"click": {
				"actionField": {"list": "Search Results page"},
				"products": [{ 
					"name": "H-E-B Select Ingredients&nbsp;Garden Salad Blend", 
					"id": "985095", 
					"category": "Fruit & Vegetables",
					"brand": "H-E-B", 
					"variant": "each", 
					"price": 0.97,
					"position": 21,
					"dimension25": "product add to list",
					"dimension26": "true",
					"dimension40": "default"
				}]
			}
		}
	}
	
	]
	</script>

<input type="hidden" class="one-to-one-product" value="false"></li><li class="responsivegriditem product-grid-large-fifth product-grid-small-6" role="group">
		<a id="product-984621" href="file:///C:/product-detail/h-e-b-select-ingredients-italian-romaine-nbsp-/984621" aria-label="H-E-B Select Ingredients Italian Romaine ,
		10 oz,
		$2.04 each. Features:  HEART HEALTHY." class="responsivegriditem__aria-link-wrap">
		<div class="responsivegriditem-top " onclick="gtm_e_productClick(&#39;gtm-product-click-984621&#39;);">

			<div class="cat-feature clearfix">
				<div class="cat-feature-list clearfix">
   		<img src="./heb_lettuce_search_files/snipe-shh.jpg" title="HEART HEALTHY">
	    		</div></div>
			<div class="cat-list-img gtm-product ">

				<img data-src="https://images.heb.com/is/image/HEBGrocery/prd-small/h-e-b-select-ingredients-italian-romaine-nbsp--000984621.jpg" alt="" class="lazyload"><script type="application/ld+json">
{	
	"name": "H-E-B Select Ingredients Italian Romaine&nbsp;", 
	"id": "984621", 
	"category": "Fruit & Vegetables/Vegetables/Lettuce & Leafy Greens",
	"brand": "H-E-B", 
	"variant": "each", 
	"price": 2.04,
	"list": "Search Results page",
	"position": "22",
	"dimension26": "true",
	"dimension40": "default"
}
</script>

</div>
			</div>
	
		<div class="responsivegriditem-middle ">
			<div class="responsivegriditem__title" onclick="gtm_e_productClick(&#39;gtm-product-click-984621&#39;);">
					<span class="responsivegriditem__title">
					H-E-B Select Ingredients Italian Romaine&nbsp;, <span class="item-size">10 oz</span></span></div>
			<div class="responsivegriditem__rating-container">
				<div class="cat-star clearfix">
    <div class=""><img src="file:///C:/img/stars/smallstaroff.png" alt=""></div>
			<div class=""><img src="file:///C:/img/stars/smallstaroff.png" alt=""></div>
			<div class=""><img src="file:///C:/img/stars/smallstaroff.png" alt=""></div>
			<div class=""><img src="file:///C:/img/stars/smallstaroff.png" alt=""></div>
			<div class="last-star"><img src="file:///C:/img/stars/smallstaroff.png" alt=""></div>
			</div></div>

			<div class="cat-price">
            <div class="responsivegriditem__price-label"></div>
                    <span class="cat-price-number">
                        $2.04 each</span>
                <span class="cat-sale-price-container">
                <span class="uomSalePrice">
                        ($0.21/oz)
                    </span>
                </span>
        </div><div class="cdp-moq">
				</div>
		</div>
	</a>
	<div class="responsivegriditem-bottom">
		<div class="cart-actions clearfix">
			<form id="form-984621" data-product-id="984621" data-is-hidden="false" data-is-disabled="false" data-is-ship-to-home="false" data-max-qty="99" data-remaining-stock="99" data-is-wine-moq-product="false" data-moq-val="1"><div class="quantity-picker">
			<input type="hidden" value="secondchoice">
					<input type="hidden" value="1" id="4122019749_984621_quantity" data-minstock="1">
				</div>
	<input type="hidden" id="4122019749_maxQty" value="99">
		<input type="hidden" id="4122019749_remainingStock" value="99">
		<input type="hidden" id="4122019749_productId" value="984621">
		<input type="hidden" name="isWineMOQProduct" value="false">
		<input type="hidden" id="4122019749_moqval" value="1">
			<bootstrap class="vue-instance-init">
			<add-to-bucket :product="{&quot;productAvailableAtContext&quot;:true,&quot;smallImageUrl&quot;:&quot;https://images.heb.com/is/image/HEBGrocery/prd-small/h-e-b-select-ingredients-italian-romaine-nbsp--000984621.jpg&quot;,&quot;isPrimoPick&quot;:false,&quot;isBestAvailable&quot;:false,&quot;isOnAd&quot;:false,&quot;defaultLevelOneCategory&quot;:&quot;{name=Fruit &amp; Vegetables, id=490020}&quot;,&quot;displayName&quot;:&quot;H-E-B Select Ingredients Italian Romaine&amp;amp;nbsp;&quot;,&quot;thumbnailMediumImageUrl&quot;:&quot;https://images.heb.com/is/image/HEBGrocery/prd-thumbnail-medium/h-e-b-select-ingredients-italian-romaine-nbsp--000984621.jpg&quot;,&quot;showOnlineMarketingBug&quot;:false,&quot;pdpUrl&quot;:&quot;/product-detail/h-e-b-select-ingredients-italian-romaine-nbsp-/984621&quot;,&quot;snipes&quot;:[{&quot;largeImageUrl&quot;:&quot;https://images.heb.com/is/image/HEBGrocery/snp-large/snipe-shh.jpg&quot;,&quot;name&quot;:&quot;HEART HEALTHY&quot;,&quot;description&quot;:&quot;Low in fat, sat. fat, &amp;amp; cholesterol; =600 mg sodium; 10% DV of at least 1: Vit. A, C, Calcium, Iron, Fiber or Protein per serving. While many factors affect heart disease, diets low in saturated fat and cholesterol may reduce the risk of this disease.&quot;,&quot;position&quot;:1,&quot;mediumImageUrl&quot;:&quot;https://images.heb.com/is/image/HEBGrocery/snp-medium/snipe-shh.jpg&quot;}],&quot;defaultBreadCrumb&quot;:[{&quot;displayName&quot;:&quot;Shop&quot;},{&quot;displayName&quot;:&quot;Fruit &amp;amp; Vegetables&quot;},{&quot;displayName&quot;:&quot;Vegetables&quot;},{&quot;displayName&quot;:&quot;Lettuce &amp;amp; Leafy Greens&quot;}],&quot;mediumImageUrl&quot;:&quot;https://images.heb.com/is/image/HEBGrocery/prd-medium/h-e-b-select-ingredients-italian-romaine-nbsp--000984621.jpg&quot;,&quot;defaultSku&quot;:{&quot;unitWeight&quot;:0.675,&quot;priceInfo&quot;:{&quot;salePrice&quot;:{&quot;unit&quot;:&quot;each&quot;,&quot;formatted&quot;:&quot;$2.04&quot;,&quot;listPriceAmountRounded&quot;:2.04},&quot;priceType&quot;:&quot;EACH&quot;,&quot;listPrice&quot;:{&quot;unit&quot;:&quot;each&quot;,&quot;formatted&quot;:&quot;$2.04&quot;,&quot;listPriceAmountRounded&quot;:2.04}},&quot;thumbnailImageUrl&quot;:&quot;https://images.heb.com/is/image/HEBGrocery/prd-thumbnail/h-e-b-select-ingredients-italian-romaine-nbsp--000984621.jpg&quot;,&quot;couponIds&quot;:[],&quot;availableCouponIds&quot;:[],&quot;unitOfMeasure&quot;:&quot;oz&quot;,&quot;displayName&quot;:&quot;Select Ingredients Italian Romaine&amp;amp;nbsp;&quot;,&quot;onSale&quot;:false,&quot;sceneSevenImage&quot;:&quot;000984621&quot;,&quot;weightSelectionIncrements&quot;:[],&quot;customerFriendlySize&quot;:&quot;10 oz&quot;,&quot;id&quot;:&quot;4122019749&quot;,&quot;customerPurchaseChoice&quot;:&quot;EACH&quot;},&quot;minimumOrderQuantityProduct&quot;:false,&quot;minimumOrderQuantity&quot;:1,&quot;maximumOrderQuantity&quot;:99,&quot;thumbnailImageUrl&quot;:&quot;https://images.heb.com/is/image/HEBGrocery/prd-thumbnail/h-e-b-select-ingredients-italian-romaine-nbsp--000984621.jpg&quot;,&quot;pricedByWeight&quot;:false,&quot;formattedSalePrice&quot;:&quot;$2.04 each&quot;,&quot;addToCartAllowed&quot;:true,&quot;randomWeight&quot;:false,&quot;addToCartDisabled&quot;:false,&quot;onSale&quot;:false,&quot;id&quot;:&quot;984621&quot;,&quot;brand&quot;:&quot;H-E-B&quot;,&quot;ownBrand&quot;:true,&quot;fulfillmentChannel&quot;:5005,&quot;storeAssortment&quot;:{&quot;marketingBugKey&quot;:&quot;&quot;,&quot;marketingBugDescription&quot;:&quot;&quot;,&quot;smallImageMarketingBugUrl&quot;:&quot;&quot;}}" bucket="cart" size="normal" listname="Search Results page" button-type="nonspa"></add-to-bucket>
		</bootstrap>
		<button data-action-requires-cookies="" class="cart-add-list btn btn-list btn-full-width mar-bot-0" title="Add to list" onclick="javascript:displayDropdown(this); return false;">Add to list</button>
							<!-- TODO Get this functionality for the vue version -->
							<div class="atl-container product-record" style="display: none;">
								<div class="atl-container-triangle"></div>
								<ul class="shoppingListSelector">
									<li>
											
											<a onclick="javascript:addToListFromPDP(&#39;984621&#39;, &#39;4122019749&#39;, &#39;gl9476736530&#39;); return false;" href="file:///C:/Users/Christopher/flask-tutorial/heb_lettuce_search.html#" data-shoppinglistid="gl9476736530">My List</a></li>
									</ul>
							</div>
						</form></div>
	</div>

	<script type="application/ld+json" id="gtm-product-click-984621">
{	
	"event": "e_productClick",
	"ecommerce": {
		"click": {
			"actionField": { "list": "Search Results page" },
			"products": [{ 
				"name": "H-E-B Select Ingredients Italian Romaine&nbsp;", 
				"id": "984621", 
				"category": "Fruit & Vegetables/Vegetables/Lettuce & Leafy Greens", 
				"brand": "H-E-B", 
				"variant": "each",
				"price": 2.04,
				"position": 22, 
				"dimension26": "true",
				"dimension40": "default"
			}]
		}
	}
}
</script>

<script type="application/json" id="gtm-add-to-list-product-984621">
	
	[{
		"event": "e_addToList",
		"ecommerce": {
			"add": {
				"actionField": {"list": "Search Results page"},
				"products": [{	
					"name": "H-E-B Select Ingredients Italian Romaine&nbsp;", 
					"id": "984621", 
					"category": "Fruit & Vegetables",
					"brand": "H-E-B", 
					"variant": "each", 
					"price": 2.04,
					"quantity": 1, 
					"dimension26": "true"
				}]
			}
		}
	}
	
	,{
		"event": "e_productClick",
		"ecommerce": {
			"click": {
				"actionField": {"list": "Search Results page"},
				"products": [{ 
					"name": "H-E-B Select Ingredients Italian Romaine&nbsp;", 
					"id": "984621", 
					"category": "Fruit & Vegetables",
					"brand": "H-E-B", 
					"variant": "each", 
					"price": 2.04,
					"position": 22,
					"dimension25": "product add to list",
					"dimension26": "true",
					"dimension40": "default"
				}]
			}
		}
	}
	
	]
	</script>

<input type="hidden" class="one-to-one-product" value="false"></li><li class="responsivegriditem product-grid-large-fifth product-grid-small-6" role="group">
		<a id="product-984619" href="file:///C:/product-detail/h-e-b-select-ingredients-hearts-of-romaine/984619" aria-label="H-E-B Select Ingredients Hearts of Romaine,
		10 oz,
		$2.76 each. Features:  HEART HEALTHY." class="responsivegriditem__aria-link-wrap">
		<div class="responsivegriditem-top " onclick="gtm_e_productClick(&#39;gtm-product-click-984619&#39;);">

			<div class="cat-feature clearfix">
				<div class="cat-feature-list clearfix">
   		<img src="./heb_lettuce_search_files/snipe-shh.jpg" title="HEART HEALTHY">
	    		</div></div>
			<div class="cat-list-img gtm-product ">

				<img data-src="https://images.heb.com/is/image/HEBGrocery/prd-small/h-e-b-select-ingredients-hearts-of-romaine-000984619.jpg" alt="" class="lazyload"><script type="application/ld+json">
{	
	"name": "H-E-B Select Ingredients Hearts of Romaine", 
	"id": "984619", 
	"category": "Fruit & Vegetables/Vegetables/Lettuce & Leafy Greens",
	"brand": "H-E-B", 
	"variant": "each", 
	"price": 2.76,
	"list": "Search Results page",
	"position": "23",
	"dimension26": "true",
	"dimension40": "default"
}
</script>

</div>
			</div>
	
		<div class="responsivegriditem-middle ">
			<div class="responsivegriditem__title" onclick="gtm_e_productClick(&#39;gtm-product-click-984619&#39;);">
					<span class="responsivegriditem__title">
					H-E-B Select Ingredients Hearts of Romaine, <span class="item-size">10 oz</span></span></div>
			<div class="responsivegriditem__rating-container">
				<div class="cat-star clearfix">
    <div class=""><img src="file:///C:/img/stars/smallstaroff.png" alt=""></div>
			<div class=""><img src="file:///C:/img/stars/smallstaroff.png" alt=""></div>
			<div class=""><img src="file:///C:/img/stars/smallstaroff.png" alt=""></div>
			<div class=""><img src="file:///C:/img/stars/smallstaroff.png" alt=""></div>
			<div class="last-star"><img src="file:///C:/img/stars/smallstaroff.png" alt=""></div>
			</div></div>

			<div class="cat-price">
            <div class="responsivegriditem__price-label"></div>
                    <span class="cat-price-number">
                        $2.76 each</span>
                <span class="cat-sale-price-container">
                <span class="uomSalePrice">
                        ($0.28/oz)
                    </span>
                </span>
        </div><div class="cdp-moq">
				</div>
		</div>
	</a>
	<div class="responsivegriditem-bottom">
		<div class="cart-actions clearfix">
			<form id="form-984619" data-product-id="984619" data-is-hidden="false" data-is-disabled="false" data-is-ship-to-home="false" data-max-qty="99" data-remaining-stock="99" data-is-wine-moq-product="false" data-moq-val="1"><div class="quantity-picker">
			<input type="hidden" value="secondchoice">
					<input type="hidden" value="1" id="4122019751_984619_quantity" data-minstock="1">
				</div>
	<input type="hidden" id="4122019751_maxQty" value="99">
		<input type="hidden" id="4122019751_remainingStock" value="99">
		<input type="hidden" id="4122019751_productId" value="984619">
		<input type="hidden" name="isWineMOQProduct" value="false">
		<input type="hidden" id="4122019751_moqval" value="1">
			<bootstrap class="vue-instance-init">
			<add-to-bucket :product="{&quot;productAvailableAtContext&quot;:true,&quot;smallImageUrl&quot;:&quot;https://images.heb.com/is/image/HEBGrocery/prd-small/h-e-b-select-ingredients-hearts-of-romaine-000984619.jpg&quot;,&quot;isPrimoPick&quot;:false,&quot;isBestAvailable&quot;:false,&quot;isOnAd&quot;:false,&quot;defaultLevelOneCategory&quot;:&quot;{name=Fruit &amp; Vegetables, id=490020}&quot;,&quot;displayName&quot;:&quot;H-E-B Select Ingredients Hearts of Romaine&quot;,&quot;thumbnailMediumImageUrl&quot;:&quot;https://images.heb.com/is/image/HEBGrocery/prd-thumbnail-medium/h-e-b-select-ingredients-hearts-of-romaine-000984619.jpg&quot;,&quot;showOnlineMarketingBug&quot;:false,&quot;pdpUrl&quot;:&quot;/product-detail/h-e-b-select-ingredients-hearts-of-romaine/984619&quot;,&quot;snipes&quot;:[{&quot;largeImageUrl&quot;:&quot;https://images.heb.com/is/image/HEBGrocery/snp-large/snipe-shh.jpg&quot;,&quot;name&quot;:&quot;HEART HEALTHY&quot;,&quot;description&quot;:&quot;Low in fat, sat. fat, &amp;amp; cholesterol; =600 mg sodium; 10% DV of at least 1: Vit. A, C, Calcium, Iron, Fiber or Protein per serving. While many factors affect heart disease, diets low in saturated fat and cholesterol may reduce the risk of this disease.&quot;,&quot;position&quot;:1,&quot;mediumImageUrl&quot;:&quot;https://images.heb.com/is/image/HEBGrocery/snp-medium/snipe-shh.jpg&quot;}],&quot;defaultBreadCrumb&quot;:[{&quot;displayName&quot;:&quot;Shop&quot;},{&quot;displayName&quot;:&quot;Fruit &amp;amp; Vegetables&quot;},{&quot;displayName&quot;:&quot;Vegetables&quot;},{&quot;displayName&quot;:&quot;Lettuce &amp;amp; Leafy Greens&quot;}],&quot;mediumImageUrl&quot;:&quot;https://images.heb.com/is/image/HEBGrocery/prd-medium/h-e-b-select-ingredients-hearts-of-romaine-000984619.jpg&quot;,&quot;defaultSku&quot;:{&quot;unitWeight&quot;:0.695,&quot;priceInfo&quot;:{&quot;salePrice&quot;:{&quot;unit&quot;:&quot;each&quot;,&quot;formatted&quot;:&quot;$2.76&quot;,&quot;listPriceAmountRounded&quot;:2.76},&quot;priceType&quot;:&quot;EACH&quot;,&quot;listPrice&quot;:{&quot;unit&quot;:&quot;each&quot;,&quot;formatted&quot;:&quot;$2.76&quot;,&quot;listPriceAmountRounded&quot;:2.76}},&quot;thumbnailImageUrl&quot;:&quot;https://images.heb.com/is/image/HEBGrocery/prd-thumbnail/h-e-b-select-ingredients-hearts-of-romaine-000984619.jpg&quot;,&quot;couponIds&quot;:[],&quot;availableCouponIds&quot;:[],&quot;unitOfMeasure&quot;:&quot;oz&quot;,&quot;displayName&quot;:&quot;Select Ingredients Hearts of Romaine&quot;,&quot;onSale&quot;:false,&quot;sceneSevenImage&quot;:&quot;000984619&quot;,&quot;weightSelectionIncrements&quot;:[],&quot;customerFriendlySize&quot;:&quot;10 oz&quot;,&quot;id&quot;:&quot;4122019751&quot;,&quot;customerPurchaseChoice&quot;:&quot;EACH&quot;},&quot;minimumOrderQuantityProduct&quot;:false,&quot;minimumOrderQuantity&quot;:1,&quot;maximumOrderQuantity&quot;:99,&quot;thumbnailImageUrl&quot;:&quot;https://images.heb.com/is/image/HEBGrocery/prd-thumbnail/h-e-b-select-ingredients-hearts-of-romaine-000984619.jpg&quot;,&quot;pricedByWeight&quot;:false,&quot;formattedSalePrice&quot;:&quot;$2.76 each&quot;,&quot;addToCartAllowed&quot;:true,&quot;randomWeight&quot;:false,&quot;addToCartDisabled&quot;:false,&quot;onSale&quot;:false,&quot;id&quot;:&quot;984619&quot;,&quot;brand&quot;:&quot;H-E-B&quot;,&quot;ownBrand&quot;:true,&quot;fulfillmentChannel&quot;:5005,&quot;storeAssortment&quot;:{&quot;marketingBugKey&quot;:&quot;&quot;,&quot;marketingBugDescription&quot;:&quot;&quot;,&quot;smallImageMarketingBugUrl&quot;:&quot;&quot;}}" bucket="cart" size="normal" listname="Search Results page" button-type="nonspa"></add-to-bucket>
		</bootstrap>
		<button data-action-requires-cookies="" class="cart-add-list btn btn-list btn-full-width mar-bot-0" title="Add to list" onclick="javascript:displayDropdown(this); return false;">Add to list</button>
							<!-- TODO Get this functionality for the vue version -->
							<div class="atl-container product-record" style="display: none;">
								<div class="atl-container-triangle"></div>
								<ul class="shoppingListSelector">
									<li>
											
											<a onclick="javascript:addToListFromPDP(&#39;984619&#39;, &#39;4122019751&#39;, &#39;gl9476736530&#39;); return false;" href="file:///C:/Users/Christopher/flask-tutorial/heb_lettuce_search.html#" data-shoppinglistid="gl9476736530">My List</a></li>
									</ul>
							</div>
						</form></div>
	</div>

	<script type="application/ld+json" id="gtm-product-click-984619">
{	
	"event": "e_productClick",
	"ecommerce": {
		"click": {
			"actionField": { "list": "Search Results page" },
			"products": [{ 
				"name": "H-E-B Select Ingredients Hearts of Romaine", 
				"id": "984619", 
				"category": "Fruit & Vegetables/Vegetables/Lettuce & Leafy Greens", 
				"brand": "H-E-B", 
				"variant": "each",
				"price": 2.76,
				"position": 23, 
				"dimension26": "true",
				"dimension40": "default"
			}]
		}
	}
}
</script>

<script type="application/json" id="gtm-add-to-list-product-984619">
	
	[{
		"event": "e_addToList",
		"ecommerce": {
			"add": {
				"actionField": {"list": "Search Results page"},
				"products": [{	
					"name": "H-E-B Select Ingredients Hearts of Romaine", 
					"id": "984619", 
					"category": "Fruit & Vegetables",
					"brand": "H-E-B", 
					"variant": "each", 
					"price": 2.76,
					"quantity": 1, 
					"dimension26": "true"
				}]
			}
		}
	}
	
	,{
		"event": "e_productClick",
		"ecommerce": {
			"click": {
				"actionField": {"list": "Search Results page"},
				"products": [{ 
					"name": "H-E-B Select Ingredients Hearts of Romaine", 
					"id": "984619", 
					"category": "Fruit & Vegetables",
					"brand": "H-E-B", 
					"variant": "each", 
					"price": 2.76,
					"position": 23,
					"dimension25": "product add to list",
					"dimension26": "true",
					"dimension40": "default"
				}]
			}
		}
	}
	
	]
	</script>

<input type="hidden" class="one-to-one-product" value="false"></li><li class="responsivegriditem product-grid-large-fifth product-grid-small-6" role="group">
		<a id="product-1558748" href="file:///C:/product-detail/dole-classic-romaine-lettuce/1558748" aria-label="Dole Classic Romaine Lettuce,
		9 oz,
		$3.07 each. Features:  HEART HEALTHY." class="responsivegriditem__aria-link-wrap">
		<div class="responsivegriditem-top " onclick="gtm_e_productClick(&#39;gtm-product-click-1558748&#39;);">

			<div class="cat-feature clearfix">
				<div class="cat-feature-list clearfix">
   		<img src="./heb_lettuce_search_files/snipe-shh.jpg" title="HEART HEALTHY">
	    		</div></div>
			<div class="cat-list-img gtm-product ">

				<img data-src="https://images.heb.com/is/image/HEBGrocery/prd-small/dole-classic-romaine-lettuce-001558748.jpg" alt="" class="lazyload"><script type="application/ld+json">
{	
	"name": "Dole Classic Romaine Lettuce", 
	"id": "1558748", 
	"category": "Fruit & Vegetables/Vegetables/Lettuce & Leafy Greens",
	"brand": "Dole", 
	"variant": "each", 
	"price": 3.07,
	"list": "Search Results page",
	"position": "24",
	"dimension26": "false",
	"dimension40": "default"
}
</script>

</div>
			</div>
	
		<div class="responsivegriditem-middle ">
			<div class="responsivegriditem__title" onclick="gtm_e_productClick(&#39;gtm-product-click-1558748&#39;);">
					<span class="responsivegriditem__title">
					Dole Classic Romaine Lettuce, <span class="item-size">9 oz</span></span></div>
			<div class="responsivegriditem__rating-container">
				<div class="cat-star clearfix">
    <div class=""><img src="file:///C:/img/stars/smallstaroff.png" alt=""></div>
			<div class=""><img src="file:///C:/img/stars/smallstaroff.png" alt=""></div>
			<div class=""><img src="file:///C:/img/stars/smallstaroff.png" alt=""></div>
			<div class=""><img src="file:///C:/img/stars/smallstaroff.png" alt=""></div>
			<div class="last-star"><img src="file:///C:/img/stars/smallstaroff.png" alt=""></div>
			</div></div>

			<div class="cat-price">
            <div class="responsivegriditem__price-label"></div>
                    <span class="cat-price-number">
                        $3.07 each</span>
                <span class="cat-sale-price-container">
                <span class="uomSalePrice">
                        ($0.35/oz)
                    </span>
                </span>
        </div><div class="cdp-moq">
				</div>
		</div>
	</a>
	<div class="responsivegriditem-bottom">
		<div class="cart-actions clearfix">
			<form id="form-1558748" data-product-id="1558748" data-is-hidden="false" data-is-disabled="false" data-is-ship-to-home="false" data-max-qty="99" data-remaining-stock="99" data-is-wine-moq-product="false" data-moq-val="1"><div class="quantity-picker">
			<input type="hidden" value="secondchoice">
					<input type="hidden" value="1" id="7143001069_1558748_quantity" data-minstock="1">
				</div>
	<input type="hidden" id="7143001069_maxQty" value="99">
		<input type="hidden" id="7143001069_remainingStock" value="99">
		<input type="hidden" id="7143001069_productId" value="1558748">
		<input type="hidden" name="isWineMOQProduct" value="false">
		<input type="hidden" id="7143001069_moqval" value="1">
			<bootstrap class="vue-instance-init">
			<add-to-bucket :product="{&quot;productAvailableAtContext&quot;:true,&quot;smallImageUrl&quot;:&quot;https://images.heb.com/is/image/HEBGrocery/prd-small/dole-classic-romaine-lettuce-001558748.jpg&quot;,&quot;isPrimoPick&quot;:false,&quot;isBestAvailable&quot;:false,&quot;isOnAd&quot;:false,&quot;defaultLevelOneCategory&quot;:&quot;{name=Fruit &amp; Vegetables, id=490020}&quot;,&quot;displayName&quot;:&quot;Dole Classic Romaine Lettuce&quot;,&quot;thumbnailMediumImageUrl&quot;:&quot;https://images.heb.com/is/image/HEBGrocery/prd-thumbnail-medium/dole-classic-romaine-lettuce-001558748.jpg&quot;,&quot;showOnlineMarketingBug&quot;:false,&quot;pdpUrl&quot;:&quot;/product-detail/dole-classic-romaine-lettuce/1558748&quot;,&quot;snipes&quot;:[{&quot;largeImageUrl&quot;:&quot;https://images.heb.com/is/image/HEBGrocery/snp-large/snipe-shh.jpg&quot;,&quot;name&quot;:&quot;HEART HEALTHY&quot;,&quot;description&quot;:&quot;Low in fat, sat. fat, &amp;amp; cholesterol; =600 mg sodium; 10% DV of at least 1: Vit. A, C, Calcium, Iron, Fiber or Protein per serving. While many factors affect heart disease, diets low in saturated fat and cholesterol may reduce the risk of this disease.&quot;,&quot;position&quot;:1,&quot;mediumImageUrl&quot;:&quot;https://images.heb.com/is/image/HEBGrocery/snp-medium/snipe-shh.jpg&quot;}],&quot;defaultBreadCrumb&quot;:[{&quot;displayName&quot;:&quot;Shop&quot;},{&quot;displayName&quot;:&quot;Fruit &amp;amp; Vegetables&quot;},{&quot;displayName&quot;:&quot;Vegetables&quot;},{&quot;displayName&quot;:&quot;Lettuce &amp;amp; Leafy Greens&quot;}],&quot;mediumImageUrl&quot;:&quot;https://images.heb.com/is/image/HEBGrocery/prd-medium/dole-classic-romaine-lettuce-001558748.jpg&quot;,&quot;defaultSku&quot;:{&quot;unitWeight&quot;:0.585,&quot;priceInfo&quot;:{&quot;salePrice&quot;:{&quot;unit&quot;:&quot;each&quot;,&quot;formatted&quot;:&quot;$3.07&quot;,&quot;listPriceAmountRounded&quot;:3.07},&quot;priceType&quot;:&quot;EACH&quot;,&quot;listPrice&quot;:{&quot;unit&quot;:&quot;each&quot;,&quot;formatted&quot;:&quot;$3.07&quot;,&quot;listPriceAmountRounded&quot;:3.07}},&quot;thumbnailImageUrl&quot;:&quot;https://images.heb.com/is/image/HEBGrocery/prd-thumbnail/dole-classic-romaine-lettuce-001558748.jpg&quot;,&quot;couponIds&quot;:[],&quot;availableCouponIds&quot;:[],&quot;unitOfMeasure&quot;:&quot;oz&quot;,&quot;displayName&quot;:&quot;Classic Romaine Lettuce&quot;,&quot;onSale&quot;:false,&quot;sceneSevenImage&quot;:&quot;001558748&quot;,&quot;weightSelectionIncrements&quot;:[],&quot;customerFriendlySize&quot;:&quot;9 oz&quot;,&quot;id&quot;:&quot;7143001069&quot;,&quot;customerPurchaseChoice&quot;:&quot;EACH&quot;},&quot;minimumOrderQuantityProduct&quot;:false,&quot;minimumOrderQuantity&quot;:1,&quot;maximumOrderQuantity&quot;:99,&quot;thumbnailImageUrl&quot;:&quot;https://images.heb.com/is/image/HEBGrocery/prd-thumbnail/dole-classic-romaine-lettuce-001558748.jpg&quot;,&quot;pricedByWeight&quot;:false,&quot;formattedSalePrice&quot;:&quot;$3.07 each&quot;,&quot;addToCartAllowed&quot;:true,&quot;randomWeight&quot;:false,&quot;addToCartDisabled&quot;:false,&quot;onSale&quot;:false,&quot;id&quot;:&quot;1558748&quot;,&quot;brand&quot;:&quot;Dole&quot;,&quot;ownBrand&quot;:false,&quot;fulfillmentChannel&quot;:5005,&quot;storeAssortment&quot;:{&quot;marketingBugKey&quot;:&quot;&quot;,&quot;marketingBugDescription&quot;:&quot;&quot;,&quot;smallImageMarketingBugUrl&quot;:&quot;&quot;}}" bucket="cart" size="normal" listname="Search Results page" button-type="nonspa"></add-to-bucket>
		</bootstrap>
		<button data-action-requires-cookies="" class="cart-add-list btn btn-list btn-full-width mar-bot-0" title="Add to list" onclick="javascript:displayDropdown(this); return false;">Add to list</button>
							<!-- TODO Get this functionality for the vue version -->
							<div class="atl-container product-record" style="display: none;">
								<div class="atl-container-triangle"></div>
								<ul class="shoppingListSelector">
									<li>
											
											<a onclick="javascript:addToListFromPDP(&#39;1558748&#39;, &#39;7143001069&#39;, &#39;gl9476736530&#39;); return false;" href="file:///C:/Users/Christopher/flask-tutorial/heb_lettuce_search.html#" data-shoppinglistid="gl9476736530">My List</a></li>
									</ul>
							</div>
						</form></div>
	</div>

	<script type="application/ld+json" id="gtm-product-click-1558748">
{	
	"event": "e_productClick",
	"ecommerce": {
		"click": {
			"actionField": { "list": "Search Results page" },
			"products": [{ 
				"name": "Dole Classic Romaine Lettuce", 
				"id": "1558748", 
				"category": "Fruit & Vegetables/Vegetables/Lettuce & Leafy Greens", 
				"brand": "Dole", 
				"variant": "each",
				"price": 3.07,
				"position": 24, 
				"dimension26": "false",
				"dimension40": "default"
			}]
		}
	}
}
</script>

<script type="application/json" id="gtm-add-to-list-product-1558748">
	
	[{
		"event": "e_addToList",
		"ecommerce": {
			"add": {
				"actionField": {"list": "Search Results page"},
				"products": [{	
					"name": "Dole Classic Romaine Lettuce", 
					"id": "1558748", 
					"category": "Fruit & Vegetables",
					"brand": "Dole", 
					"variant": "each", 
					"price": 3.07,
					"quantity": 1, 
					"dimension26": "false"
				}]
			}
		}
	}
	
	,{
		"event": "e_productClick",
		"ecommerce": {
			"click": {
				"actionField": {"list": "Search Results page"},
				"products": [{ 
					"name": "Dole Classic Romaine Lettuce", 
					"id": "1558748", 
					"category": "Fruit & Vegetables",
					"brand": "Dole", 
					"variant": "each", 
					"price": 3.07,
					"position": 24,
					"dimension25": "product add to list",
					"dimension26": "false",
					"dimension40": "default"
				}]
			}
		}
	}
	
	]
	</script>

<input type="hidden" class="one-to-one-product" value="false"></li><li class="responsivegriditem product-grid-large-fifth product-grid-small-6" role="group">
		<a id="product-1560065" href="file:///C:/product-detail/dole-hearts-of-romaine-salad-blend/1560065" aria-label="Dole Hearts of Romaine Salad Blend,
		9 oz,
		$3.57 each. Features:  HEART HEALTHY." class="responsivegriditem__aria-link-wrap">
		<div class="responsivegriditem-top " onclick="gtm_e_productClick(&#39;gtm-product-click-1560065&#39;);">

			<div class="cat-feature clearfix">
				<div class="cat-feature-list clearfix">
   		<img src="./heb_lettuce_search_files/snipe-shh.jpg" title="HEART HEALTHY">
	    		</div></div>
			<div class="cat-list-img gtm-product ">

				<img data-src="https://images.heb.com/is/image/HEBGrocery/prd-small/dole-hearts-of-romaine-salad-blend-001560065.jpg" alt="" class="lazyload"><script type="application/ld+json">
{	
	"name": "Dole Hearts of Romaine Salad Blend", 
	"id": "1560065", 
	"category": "Fruit & Vegetables/Vegetables/Lettuce & Leafy Greens",
	"brand": "Dole", 
	"variant": "each", 
	"price": 3.57,
	"list": "Search Results page",
	"position": "25",
	"dimension26": "false",
	"dimension40": "default"
}
</script>

</div>
			</div>
	
		<div class="responsivegriditem-middle ">
			<div class="responsivegriditem__title" onclick="gtm_e_productClick(&#39;gtm-product-click-1560065&#39;);">
					<span class="responsivegriditem__title">
					Dole Hearts of Romaine Salad Blend, <span class="item-size">9 oz</span></span></div>
			<div class="responsivegriditem__rating-container">
				<div class="cat-star clearfix">
    <div class=""><img src="file:///C:/img/stars/smallstaroff.png" alt=""></div>
			<div class=""><img src="file:///C:/img/stars/smallstaroff.png" alt=""></div>
			<div class=""><img src="file:///C:/img/stars/smallstaroff.png" alt=""></div>
			<div class=""><img src="file:///C:/img/stars/smallstaroff.png" alt=""></div>
			<div class="last-star"><img src="file:///C:/img/stars/smallstaroff.png" alt=""></div>
			</div></div>

			<div class="cat-price">
            <div class="responsivegriditem__price-label"></div>
                    <span class="cat-price-number">
                        $3.57 each</span>
                <span class="cat-sale-price-container">
                <span class="uomSalePrice">
                        ($0.40/oz)
                    </span>
                </span>
        </div><div class="cdp-moq">
				</div>
		</div>
	</a>
	<div class="responsivegriditem-bottom">
		<div class="cart-actions clearfix">
			<form id="form-1560065" data-product-id="1560065" data-is-hidden="false" data-is-disabled="false" data-is-ship-to-home="false" data-max-qty="99" data-remaining-stock="99" data-is-wine-moq-product="false" data-moq-val="1"><div class="quantity-picker">
			<input type="hidden" value="secondchoice">
					<input type="hidden" value="1" id="7143000956_1560065_quantity" data-minstock="1">
				</div>
	<input type="hidden" id="7143000956_maxQty" value="99">
		<input type="hidden" id="7143000956_remainingStock" value="99">
		<input type="hidden" id="7143000956_productId" value="1560065">
		<input type="hidden" name="isWineMOQProduct" value="false">
		<input type="hidden" id="7143000956_moqval" value="1">
			<bootstrap class="vue-instance-init">
			<add-to-bucket :product="{&quot;productAvailableAtContext&quot;:true,&quot;smallImageUrl&quot;:&quot;https://images.heb.com/is/image/HEBGrocery/prd-small/dole-hearts-of-romaine-salad-blend-001560065.jpg&quot;,&quot;isPrimoPick&quot;:false,&quot;isBestAvailable&quot;:false,&quot;isOnAd&quot;:false,&quot;defaultLevelOneCategory&quot;:&quot;{name=Fruit &amp; Vegetables, id=490020}&quot;,&quot;displayName&quot;:&quot;Dole Hearts of Romaine Salad Blend&quot;,&quot;thumbnailMediumImageUrl&quot;:&quot;https://images.heb.com/is/image/HEBGrocery/prd-thumbnail-medium/dole-hearts-of-romaine-salad-blend-001560065.jpg&quot;,&quot;showOnlineMarketingBug&quot;:false,&quot;pdpUrl&quot;:&quot;/product-detail/dole-hearts-of-romaine-salad-blend/1560065&quot;,&quot;snipes&quot;:[{&quot;largeImageUrl&quot;:&quot;https://images.heb.com/is/image/HEBGrocery/snp-large/snipe-shh.jpg&quot;,&quot;name&quot;:&quot;HEART HEALTHY&quot;,&quot;description&quot;:&quot;Low in fat, sat. fat, &amp;amp; cholesterol; =600 mg sodium; 10% DV of at least 1: Vit. A, C, Calcium, Iron, Fiber or Protein per serving. While many factors affect heart disease, diets low in saturated fat and cholesterol may reduce the risk of this disease.&quot;,&quot;position&quot;:1,&quot;mediumImageUrl&quot;:&quot;https://images.heb.com/is/image/HEBGrocery/snp-medium/snipe-shh.jpg&quot;}],&quot;defaultBreadCrumb&quot;:[{&quot;displayName&quot;:&quot;Shop&quot;},{&quot;displayName&quot;:&quot;Fruit &amp;amp; Vegetables&quot;},{&quot;displayName&quot;:&quot;Vegetables&quot;},{&quot;displayName&quot;:&quot;Lettuce &amp;amp; Leafy Greens&quot;}],&quot;mediumImageUrl&quot;:&quot;https://images.heb.com/is/image/HEBGrocery/prd-medium/dole-hearts-of-romaine-salad-blend-001560065.jpg&quot;,&quot;defaultSku&quot;:{&quot;unitWeight&quot;:0.56,&quot;priceInfo&quot;:{&quot;salePrice&quot;:{&quot;unit&quot;:&quot;each&quot;,&quot;formatted&quot;:&quot;$3.57&quot;,&quot;listPriceAmountRounded&quot;:3.57},&quot;priceType&quot;:&quot;EACH&quot;,&quot;listPrice&quot;:{&quot;unit&quot;:&quot;each&quot;,&quot;formatted&quot;:&quot;$3.57&quot;,&quot;listPriceAmountRounded&quot;:3.57}},&quot;thumbnailImageUrl&quot;:&quot;https://images.heb.com/is/image/HEBGrocery/prd-thumbnail/dole-hearts-of-romaine-salad-blend-001560065.jpg&quot;,&quot;couponIds&quot;:[],&quot;availableCouponIds&quot;:[],&quot;unitOfMeasure&quot;:&quot;oz&quot;,&quot;displayName&quot;:&quot;Hearts of Romaine Salad Blend&quot;,&quot;onSale&quot;:false,&quot;sceneSevenImage&quot;:&quot;001560065&quot;,&quot;weightSelectionIncrements&quot;:[],&quot;customerFriendlySize&quot;:&quot;9 oz&quot;,&quot;id&quot;:&quot;7143000956&quot;,&quot;customerPurchaseChoice&quot;:&quot;EACH&quot;},&quot;minimumOrderQuantityProduct&quot;:false,&quot;minimumOrderQuantity&quot;:1,&quot;maximumOrderQuantity&quot;:99,&quot;thumbnailImageUrl&quot;:&quot;https://images.heb.com/is/image/HEBGrocery/prd-thumbnail/dole-hearts-of-romaine-salad-blend-001560065.jpg&quot;,&quot;pricedByWeight&quot;:false,&quot;formattedSalePrice&quot;:&quot;$3.57 each&quot;,&quot;addToCartAllowed&quot;:true,&quot;randomWeight&quot;:false,&quot;addToCartDisabled&quot;:false,&quot;onSale&quot;:false,&quot;id&quot;:&quot;1560065&quot;,&quot;brand&quot;:&quot;Dole&quot;,&quot;ownBrand&quot;:false,&quot;fulfillmentChannel&quot;:5005,&quot;storeAssortment&quot;:{&quot;marketingBugKey&quot;:&quot;&quot;,&quot;marketingBugDescription&quot;:&quot;&quot;,&quot;smallImageMarketingBugUrl&quot;:&quot;&quot;}}" bucket="cart" size="normal" listname="Search Results page" button-type="nonspa"></add-to-bucket>
		</bootstrap>
		<button data-action-requires-cookies="" class="cart-add-list btn btn-list btn-full-width mar-bot-0" title="Add to list" onclick="javascript:displayDropdown(this); return false;">Add to list</button>
							<!-- TODO Get this functionality for the vue version -->
							<div class="atl-container product-record" style="display: none;">
								<div class="atl-container-triangle"></div>
								<ul class="shoppingListSelector">
									<li>
											
											<a onclick="javascript:addToListFromPDP(&#39;1560065&#39;, &#39;7143000956&#39;, &#39;gl9476736530&#39;); return false;" href="file:///C:/Users/Christopher/flask-tutorial/heb_lettuce_search.html#" data-shoppinglistid="gl9476736530">My List</a></li>
									</ul>
							</div>
						</form></div>
	</div>

	<script type="application/ld+json" id="gtm-product-click-1560065">
{	
	"event": "e_productClick",
	"ecommerce": {
		"click": {
			"actionField": { "list": "Search Results page" },
			"products": [{ 
				"name": "Dole Hearts of Romaine Salad Blend", 
				"id": "1560065", 
				"category": "Fruit & Vegetables/Vegetables/Lettuce & Leafy Greens", 
				"brand": "Dole", 
				"variant": "each",
				"price": 3.57,
				"position": 25, 
				"dimension26": "false",
				"dimension40": "default"
			}]
		}
	}
}
</script>

<script type="application/json" id="gtm-add-to-list-product-1560065">
	
	[{
		"event": "e_addToList",
		"ecommerce": {
			"add": {
				"actionField": {"list": "Search Results page"},
				"products": [{	
					"name": "Dole Hearts of Romaine Salad Blend", 
					"id": "1560065", 
					"category": "Fruit & Vegetables",
					"brand": "Dole", 
					"variant": "each", 
					"price": 3.57,
					"quantity": 1, 
					"dimension26": "false"
				}]
			}
		}
	}
	
	,{
		"event": "e_productClick",
		"ecommerce": {
			"click": {
				"actionField": {"list": "Search Results page"},
				"products": [{ 
					"name": "Dole Hearts of Romaine Salad Blend", 
					"id": "1560065", 
					"category": "Fruit & Vegetables",
					"brand": "Dole", 
					"variant": "each", 
					"price": 3.57,
					"position": 25,
					"dimension25": "product add to list",
					"dimension26": "false",
					"dimension40": "default"
				}]
			}
		}
	}
	
	]
	</script>

<input type="hidden" class="one-to-one-product" value="false"></li><li class="responsivegriditem product-grid-large-fifth product-grid-small-6" role="group">
		<a id="product-984620" href="file:///C:/product-detail/h-e-b-select-ingredients-field-greens/984620" aria-label="H-E-B Select Ingredients Field Greens,
		8 oz,
		$2.04 each. Features:  HEART HEALTHY.  SELECT INGREDIENTS." class="responsivegriditem__aria-link-wrap">
		<div class="responsivegriditem-top " onclick="gtm_e_productClick(&#39;gtm-product-click-984620&#39;);">

			<div class="cat-feature clearfix">
				<div class="cat-feature-list clearfix">
   		<img src="./heb_lettuce_search_files/snipe-shh.jpg" title="HEART HEALTHY">
	    		<img src="./heb_lettuce_search_files/snipe-shsi.jpg" title="SELECT INGREDIENTS">
	    		</div></div>
			<div class="cat-list-img gtm-product ">

				<img data-src="https://images.heb.com/is/image/HEBGrocery/prd-small/h-e-b-select-ingredients-field-greens-000984620.jpg" alt="" class="lazyload"><script type="application/ld+json">
{	
	"name": "H-E-B Select Ingredients Field Greens", 
	"id": "984620", 
	"category": "Fruit & Vegetables/Vegetables/Lettuce & Leafy Greens",
	"brand": "H-E-B", 
	"variant": "each", 
	"price": 2.04,
	"list": "Search Results page",
	"position": "26",
	"dimension26": "true",
	"dimension40": "default"
}
</script>

</div>
			</div>
	
		<div class="responsivegriditem-middle ">
			<div class="responsivegriditem__title" onclick="gtm_e_productClick(&#39;gtm-product-click-984620&#39;);">
					<span class="responsivegriditem__title">
					H-E-B Select Ingredients Field Greens, <span class="item-size">8 oz</span></span></div>
			<div class="responsivegriditem__rating-container">
				<div class="cat-star clearfix">
    <div class=""><img src="file:///C:/img/stars/smallstaroff.png" alt=""></div>
			<div class=""><img src="file:///C:/img/stars/smallstaroff.png" alt=""></div>
			<div class=""><img src="file:///C:/img/stars/smallstaroff.png" alt=""></div>
			<div class=""><img src="file:///C:/img/stars/smallstaroff.png" alt=""></div>
			<div class="last-star"><img src="file:///C:/img/stars/smallstaroff.png" alt=""></div>
			</div></div>

			<div class="cat-price">
            <div class="responsivegriditem__price-label"></div>
                    <span class="cat-price-number">
                        $2.04 each</span>
                <span class="cat-sale-price-container">
                <span class="uomSalePrice">
                        ($0.26/oz)
                    </span>
                </span>
        </div><div class="cdp-moq">
				</div>
		</div>
	</a>
	<div class="responsivegriditem-bottom">
		<div class="cart-actions clearfix">
			<form id="form-984620" data-product-id="984620" data-is-hidden="false" data-is-disabled="false" data-is-ship-to-home="false" data-max-qty="99" data-remaining-stock="99" data-is-wine-moq-product="false" data-moq-val="1"><div class="quantity-picker">
			<input type="hidden" value="secondchoice">
					<input type="hidden" value="1" id="4122019750_984620_quantity" data-minstock="1">
				</div>
	<input type="hidden" id="4122019750_maxQty" value="99">
		<input type="hidden" id="4122019750_remainingStock" value="99">
		<input type="hidden" id="4122019750_productId" value="984620">
		<input type="hidden" name="isWineMOQProduct" value="false">
		<input type="hidden" id="4122019750_moqval" value="1">
			<bootstrap class="vue-instance-init">
			<add-to-bucket :product="{&quot;productAvailableAtContext&quot;:true,&quot;smallImageUrl&quot;:&quot;https://images.heb.com/is/image/HEBGrocery/prd-small/h-e-b-select-ingredients-field-greens-000984620.jpg&quot;,&quot;isPrimoPick&quot;:false,&quot;isBestAvailable&quot;:false,&quot;isOnAd&quot;:false,&quot;defaultLevelOneCategory&quot;:&quot;{name=Fruit &amp; Vegetables, id=490020}&quot;,&quot;displayName&quot;:&quot;H-E-B Select Ingredients Field Greens&quot;,&quot;thumbnailMediumImageUrl&quot;:&quot;https://images.heb.com/is/image/HEBGrocery/prd-thumbnail-medium/h-e-b-select-ingredients-field-greens-000984620.jpg&quot;,&quot;showOnlineMarketingBug&quot;:false,&quot;pdpUrl&quot;:&quot;/product-detail/h-e-b-select-ingredients-field-greens/984620&quot;,&quot;snipes&quot;:[{&quot;largeImageUrl&quot;:&quot;https://images.heb.com/is/image/HEBGrocery/snp-large/snipe-shh.jpg&quot;,&quot;name&quot;:&quot;HEART HEALTHY&quot;,&quot;description&quot;:&quot;Low in fat, sat. fat, &amp;amp; cholesterol; =600 mg sodium; 10% DV of at least 1: Vit. A, C, Calcium, Iron, Fiber or Protein per serving. While many factors affect heart disease, diets low in saturated fat and cholesterol may reduce the risk of this disease.&quot;,&quot;position&quot;:1,&quot;mediumImageUrl&quot;:&quot;https://images.heb.com/is/image/HEBGrocery/snp-medium/snipe-shh.jpg&quot;},{&quot;largeImageUrl&quot;:&quot;https://images.heb.com/is/image/HEBGrocery/snp-large/snipe-shsi.jpg&quot;,&quot;name&quot;:&quot;SELECT INGREDIENTS&quot;,&quot;description&quot;:&quot;With H-E-B® select ingredients, you will enjoy foods with carefully chosen ingredients. We never use high fructose corn syrup or hundreds of other synthetic ingredients that may be used in processed foods. For a complete list of ingredients not allowed in H-E-B® select ingredients and a list of additional products to add to your shopping list visit heb.com/select&quot;,&quot;position&quot;:1,&quot;mediumImageUrl&quot;:&quot;https://images.heb.com/is/image/HEBGrocery/snp-medium/snipe-shsi.jpg&quot;}],&quot;defaultBreadCrumb&quot;:[{&quot;displayName&quot;:&quot;Shop&quot;},{&quot;displayName&quot;:&quot;Fruit &amp;amp; Vegetables&quot;},{&quot;displayName&quot;:&quot;Vegetables&quot;},{&quot;displayName&quot;:&quot;Lettuce &amp;amp; Leafy Greens&quot;}],&quot;mediumImageUrl&quot;:&quot;https://images.heb.com/is/image/HEBGrocery/prd-medium/h-e-b-select-ingredients-field-greens-000984620.jpg&quot;,&quot;defaultSku&quot;:{&quot;unitWeight&quot;:0.555,&quot;priceInfo&quot;:{&quot;salePrice&quot;:{&quot;unit&quot;:&quot;each&quot;,&quot;formatted&quot;:&quot;$2.04&quot;,&quot;listPriceAmountRounded&quot;:2.04},&quot;priceType&quot;:&quot;EACH&quot;,&quot;listPrice&quot;:{&quot;unit&quot;:&quot;each&quot;,&quot;formatted&quot;:&quot;$2.04&quot;,&quot;listPriceAmountRounded&quot;:2.04}},&quot;thumbnailImageUrl&quot;:&quot;https://images.heb.com/is/image/HEBGrocery/prd-thumbnail/h-e-b-select-ingredients-field-greens-000984620.jpg&quot;,&quot;couponIds&quot;:[],&quot;availableCouponIds&quot;:[],&quot;unitOfMeasure&quot;:&quot;oz&quot;,&quot;displayName&quot;:&quot;Select Ingredients Field Greens&quot;,&quot;onSale&quot;:false,&quot;sceneSevenImage&quot;:&quot;000984620&quot;,&quot;weightSelectionIncrements&quot;:[],&quot;customerFriendlySize&quot;:&quot;8 oz&quot;,&quot;id&quot;:&quot;4122019750&quot;,&quot;customerPurchaseChoice&quot;:&quot;EACH&quot;},&quot;minimumOrderQuantityProduct&quot;:false,&quot;minimumOrderQuantity&quot;:1,&quot;maximumOrderQuantity&quot;:99,&quot;thumbnailImageUrl&quot;:&quot;https://images.heb.com/is/image/HEBGrocery/prd-thumbnail/h-e-b-select-ingredients-field-greens-000984620.jpg&quot;,&quot;pricedByWeight&quot;:false,&quot;formattedSalePrice&quot;:&quot;$2.04 each&quot;,&quot;addToCartAllowed&quot;:true,&quot;randomWeight&quot;:false,&quot;addToCartDisabled&quot;:false,&quot;onSale&quot;:false,&quot;id&quot;:&quot;984620&quot;,&quot;brand&quot;:&quot;H-E-B&quot;,&quot;ownBrand&quot;:true,&quot;fulfillmentChannel&quot;:5005,&quot;storeAssortment&quot;:{&quot;marketingBugKey&quot;:&quot;&quot;,&quot;marketingBugDescription&quot;:&quot;&quot;,&quot;smallImageMarketingBugUrl&quot;:&quot;&quot;}}" bucket="cart" size="normal" listname="Search Results page" button-type="nonspa"></add-to-bucket>
		</bootstrap>
		<button data-action-requires-cookies="" class="cart-add-list btn btn-list btn-full-width mar-bot-0" title="Add to list" onclick="javascript:displayDropdown(this); return false;">Add to list</button>
							<!-- TODO Get this functionality for the vue version -->
							<div class="atl-container product-record" style="display: none;">
								<div class="atl-container-triangle"></div>
								<ul class="shoppingListSelector">
									<li>
											
											<a onclick="javascript:addToListFromPDP(&#39;984620&#39;, &#39;4122019750&#39;, &#39;gl9476736530&#39;); return false;" href="file:///C:/Users/Christopher/flask-tutorial/heb_lettuce_search.html#" data-shoppinglistid="gl9476736530">My List</a></li>
									</ul>
							</div>
						</form></div>
	</div>

	<script type="application/ld+json" id="gtm-product-click-984620">
{	
	"event": "e_productClick",
	"ecommerce": {
		"click": {
			"actionField": { "list": "Search Results page" },
			"products": [{ 
				"name": "H-E-B Select Ingredients Field Greens", 
				"id": "984620", 
				"category": "Fruit & Vegetables/Vegetables/Lettuce & Leafy Greens", 
				"brand": "H-E-B", 
				"variant": "each",
				"price": 2.04,
				"position": 26, 
				"dimension26": "true",
				"dimension40": "default"
			}]
		}
	}
}
</script>

<script type="application/json" id="gtm-add-to-list-product-984620">
	
	[{
		"event": "e_addToList",
		"ecommerce": {
			"add": {
				"actionField": {"list": "Search Results page"},
				"products": [{	
					"name": "H-E-B Select Ingredients Field Greens", 
					"id": "984620", 
					"category": "Fruit & Vegetables",
					"brand": "H-E-B", 
					"variant": "each", 
					"price": 2.04,
					"quantity": 1, 
					"dimension26": "true"
				}]
			}
		}
	}
	
	,{
		"event": "e_productClick",
		"ecommerce": {
			"click": {
				"actionField": {"list": "Search Results page"},
				"products": [{ 
					"name": "H-E-B Select Ingredients Field Greens", 
					"id": "984620", 
					"category": "Fruit & Vegetables",
					"brand": "H-E-B", 
					"variant": "each", 
					"price": 2.04,
					"position": 26,
					"dimension25": "product add to list",
					"dimension26": "true",
					"dimension40": "default"
				}]
			}
		}
	}
	
	]
	</script>

<input type="hidden" class="one-to-one-product" value="false"></li><li class="responsivegriditem product-grid-large-fifth product-grid-small-6" role="group">
		<a id="product-1558751" href="file:///C:/product-detail/dole-garden-iceberg-salad/1558751" aria-label="Dole Garden Iceberg Salad,
		12 oz,
		$0.91 each." class="responsivegriditem__aria-link-wrap">
		<div class="responsivegriditem-top " onclick="gtm_e_productClick(&#39;gtm-product-click-1558751&#39;);">

			<div class="cat-feature clearfix">
				<div class="cat-feature-list clearfix">
   		</div></div>
			<div class="cat-list-img gtm-product ">

				<img data-src="https://images.heb.com/is/image/HEBGrocery/prd-small/dole-garden-iceberg-salad-001558751.jpg" alt="" class="lazyload"><script type="application/ld+json">
{	
	"name": "Dole Garden Iceberg Salad", 
	"id": "1558751", 
	"category": "Fruit & Vegetables/Vegetables/Lettuce & Leafy Greens",
	"brand": "Dole", 
	"variant": "each", 
	"price": 0.91,
	"list": "Search Results page",
	"position": "27",
	"dimension26": "false",
	"dimension40": "default"
}
</script>

</div>
			</div>
	
		<div class="responsivegriditem-middle ">
			<div class="responsivegriditem__title" onclick="gtm_e_productClick(&#39;gtm-product-click-1558751&#39;);">
					<span class="responsivegriditem__title">
					Dole Garden Iceberg Salad, <span class="item-size">12 oz</span></span></div>
			<div class="responsivegriditem__rating-container">
				<div class="cat-star clearfix">
    <div class=""><img src="file:///C:/img/stars/smallstaroff.png" alt=""></div>
			<div class=""><img src="file:///C:/img/stars/smallstaroff.png" alt=""></div>
			<div class=""><img src="file:///C:/img/stars/smallstaroff.png" alt=""></div>
			<div class=""><img src="file:///C:/img/stars/smallstaroff.png" alt=""></div>
			<div class="last-star"><img src="file:///C:/img/stars/smallstaroff.png" alt=""></div>
			</div></div>

			<div class="cat-price">
            <div class="responsivegriditem__price-label"></div>
                    <span class="cat-price-number">
                        $0.91 each</span>
                <span class="cat-sale-price-container">
                <span class="uomSalePrice">
                        ($0.08/oz)
                    </span>
                </span>
        </div><div class="cdp-moq">
				</div>
		</div>
	</a>
	<div class="responsivegriditem-bottom">
		<div class="cart-actions clearfix">
			<form id="form-1558751" data-product-id="1558751" data-is-hidden="false" data-is-disabled="false" data-is-ship-to-home="false" data-max-qty="99" data-remaining-stock="99" data-is-wine-moq-product="false" data-moq-val="1"><div class="quantity-picker">
			<input type="hidden" value="secondchoice">
					<input type="hidden" value="1" id="7143001135_1558751_quantity" data-minstock="1">
				</div>
	<input type="hidden" id="7143001135_maxQty" value="99">
		<input type="hidden" id="7143001135_remainingStock" value="99">
		<input type="hidden" id="7143001135_productId" value="1558751">
		<input type="hidden" name="isWineMOQProduct" value="false">
		<input type="hidden" id="7143001135_moqval" value="1">
			<bootstrap class="vue-instance-init">
			<add-to-bucket :product="{&quot;productAvailableAtContext&quot;:true,&quot;smallImageUrl&quot;:&quot;https://images.heb.com/is/image/HEBGrocery/prd-small/dole-garden-iceberg-salad-001558751.jpg&quot;,&quot;isPrimoPick&quot;:false,&quot;isBestAvailable&quot;:false,&quot;isOnAd&quot;:false,&quot;defaultLevelOneCategory&quot;:&quot;{name=Fruit &amp; Vegetables, id=490020}&quot;,&quot;displayName&quot;:&quot;Dole Garden Iceberg Salad&quot;,&quot;thumbnailMediumImageUrl&quot;:&quot;https://images.heb.com/is/image/HEBGrocery/prd-thumbnail-medium/dole-garden-iceberg-salad-001558751.jpg&quot;,&quot;showOnlineMarketingBug&quot;:false,&quot;pdpUrl&quot;:&quot;/product-detail/dole-garden-iceberg-salad/1558751&quot;,&quot;snipes&quot;:[],&quot;defaultBreadCrumb&quot;:[{&quot;displayName&quot;:&quot;Shop&quot;},{&quot;displayName&quot;:&quot;Fruit &amp;amp; Vegetables&quot;},{&quot;displayName&quot;:&quot;Vegetables&quot;},{&quot;displayName&quot;:&quot;Lettuce &amp;amp; Leafy Greens&quot;}],&quot;mediumImageUrl&quot;:&quot;https://images.heb.com/is/image/HEBGrocery/prd-medium/dole-garden-iceberg-salad-001558751.jpg&quot;,&quot;defaultSku&quot;:{&quot;unitWeight&quot;:0.755,&quot;priceInfo&quot;:{&quot;salePrice&quot;:{&quot;unit&quot;:&quot;each&quot;,&quot;formatted&quot;:&quot;$0.91&quot;,&quot;listPriceAmountRounded&quot;:0.91},&quot;priceType&quot;:&quot;EACH&quot;,&quot;listPrice&quot;:{&quot;unit&quot;:&quot;each&quot;,&quot;formatted&quot;:&quot;$0.91&quot;,&quot;listPriceAmountRounded&quot;:0.91}},&quot;thumbnailImageUrl&quot;:&quot;https://images.heb.com/is/image/HEBGrocery/prd-thumbnail/dole-garden-iceberg-salad-001558751.jpg&quot;,&quot;couponIds&quot;:[],&quot;availableCouponIds&quot;:[],&quot;unitOfMeasure&quot;:&quot;oz&quot;,&quot;displayName&quot;:&quot;Garden Iceberg Salad&quot;,&quot;onSale&quot;:false,&quot;sceneSevenImage&quot;:&quot;001558751&quot;,&quot;weightSelectionIncrements&quot;:[],&quot;customerFriendlySize&quot;:&quot;12 oz&quot;,&quot;id&quot;:&quot;7143001135&quot;,&quot;customerPurchaseChoice&quot;:&quot;EACH&quot;},&quot;minimumOrderQuantityProduct&quot;:false,&quot;minimumOrderQuantity&quot;:1,&quot;maximumOrderQuantity&quot;:99,&quot;thumbnailImageUrl&quot;:&quot;https://images.heb.com/is/image/HEBGrocery/prd-thumbnail/dole-garden-iceberg-salad-001558751.jpg&quot;,&quot;pricedByWeight&quot;:false,&quot;formattedSalePrice&quot;:&quot;$0.91 each&quot;,&quot;addToCartAllowed&quot;:true,&quot;randomWeight&quot;:false,&quot;addToCartDisabled&quot;:false,&quot;onSale&quot;:false,&quot;id&quot;:&quot;1558751&quot;,&quot;brand&quot;:&quot;Dole&quot;,&quot;ownBrand&quot;:false,&quot;fulfillmentChannel&quot;:5005,&quot;storeAssortment&quot;:{&quot;marketingBugKey&quot;:&quot;&quot;,&quot;marketingBugDescription&quot;:&quot;&quot;,&quot;smallImageMarketingBugUrl&quot;:&quot;&quot;}}" bucket="cart" size="normal" listname="Search Results page" button-type="nonspa"></add-to-bucket>
		</bootstrap>
		<button data-action-requires-cookies="" class="cart-add-list btn btn-list btn-full-width mar-bot-0" title="Add to list" onclick="javascript:displayDropdown(this); return false;">Add to list</button>
							<!-- TODO Get this functionality for the vue version -->
							<div class="atl-container product-record" style="display: none;">
								<div class="atl-container-triangle"></div>
								<ul class="shoppingListSelector">
									<li>
											
											<a onclick="javascript:addToListFromPDP(&#39;1558751&#39;, &#39;7143001135&#39;, &#39;gl9476736530&#39;); return false;" href="file:///C:/Users/Christopher/flask-tutorial/heb_lettuce_search.html#" data-shoppinglistid="gl9476736530">My List</a></li>
									</ul>
							</div>
						</form></div>
	</div>

	<script type="application/ld+json" id="gtm-product-click-1558751">
{	
	"event": "e_productClick",
	"ecommerce": {
		"click": {
			"actionField": { "list": "Search Results page" },
			"products": [{ 
				"name": "Dole Garden Iceberg Salad", 
				"id": "1558751", 
				"category": "Fruit & Vegetables/Vegetables/Lettuce & Leafy Greens", 
				"brand": "Dole", 
				"variant": "each",
				"price": 0.91,
				"position": 27, 
				"dimension26": "false",
				"dimension40": "default"
			}]
		}
	}
}
</script>

<script type="application/json" id="gtm-add-to-list-product-1558751">
	
	[{
		"event": "e_addToList",
		"ecommerce": {
			"add": {
				"actionField": {"list": "Search Results page"},
				"products": [{	
					"name": "Dole Garden Iceberg Salad", 
					"id": "1558751", 
					"category": "Fruit & Vegetables",
					"brand": "Dole", 
					"variant": "each", 
					"price": 0.91,
					"quantity": 1, 
					"dimension26": "false"
				}]
			}
		}
	}
	
	,{
		"event": "e_productClick",
		"ecommerce": {
			"click": {
				"actionField": {"list": "Search Results page"},
				"products": [{ 
					"name": "Dole Garden Iceberg Salad", 
					"id": "1558751", 
					"category": "Fruit & Vegetables",
					"brand": "Dole", 
					"variant": "each", 
					"price": 0.91,
					"position": 27,
					"dimension25": "product add to list",
					"dimension26": "false",
					"dimension40": "default"
				}]
			}
		}
	}
	
	]
	</script>

<input type="hidden" class="one-to-one-product" value="false"></li><li class="responsivegriditem product-grid-large-fifth product-grid-small-6" role="group">
		<a id="product-1539077" href="file:///C:/product-detail/h-e-b-select-ingredients-nbsp-shredded-lettuce/1539077" aria-label="H-E-B Select Ingredients Shredded Lettuce,
		16 oz,
		$3.03 each. Features:  SELECT INGREDIENTS." class="responsivegriditem__aria-link-wrap">
		<div class="responsivegriditem-top " onclick="gtm_e_productClick(&#39;gtm-product-click-1539077&#39;);">

			<div class="cat-feature clearfix">
				<div class="cat-feature-list clearfix">
   		<img src="./heb_lettuce_search_files/snipe-shsi.jpg" title="SELECT INGREDIENTS">
	    		</div></div>
			<div class="cat-list-img gtm-product ">

				<img data-src="https://images.heb.com/is/image/HEBGrocery/prd-small/h-e-b-select-ingredients-nbsp-shredded-lettuce-001539077.jpg" alt="" class="lazyload"><script type="application/ld+json">
{	
	"name": "H-E-B Select Ingredients&nbsp;Shredded Lettuce", 
	"id": "1539077", 
	"category": "Fruit & Vegetables/Vegetables/Lettuce & Leafy Greens",
	"brand": "H-E-B", 
	"variant": "each", 
	"price": 3.03,
	"list": "Search Results page",
	"position": "28",
	"dimension26": "true",
	"dimension40": "default"
}
</script>

</div>
			</div>
	
		<div class="responsivegriditem-middle ">
			<div class="responsivegriditem__title" onclick="gtm_e_productClick(&#39;gtm-product-click-1539077&#39;);">
					<span class="responsivegriditem__title">
					H-E-B Select Ingredients&nbsp;Shredded Lettuce, <span class="item-size">16 oz</span></span></div>
			<div class="responsivegriditem__rating-container">
				<div class="cat-star clearfix">
    <div class=""><img src="file:///C:/img/stars/smallstaroff.png" alt=""></div>
			<div class=""><img src="file:///C:/img/stars/smallstaroff.png" alt=""></div>
			<div class=""><img src="file:///C:/img/stars/smallstaroff.png" alt=""></div>
			<div class=""><img src="file:///C:/img/stars/smallstaroff.png" alt=""></div>
			<div class="last-star"><img src="file:///C:/img/stars/smallstaroff.png" alt=""></div>
			</div></div>

			<div class="cat-price">
            <div class="responsivegriditem__price-label"></div>
                    <span class="cat-price-number">
                        $3.03 each</span>
                <span class="cat-sale-price-container">
                <span class="uomSalePrice">
                        ($0.19/oz)
                    </span>
                </span>
        </div><div class="cdp-moq">
				</div>
		</div>
	</a>
	<div class="responsivegriditem-bottom">
		<div class="cart-actions clearfix">
			<form id="form-1539077" data-product-id="1539077" data-is-hidden="false" data-is-disabled="false" data-is-ship-to-home="false" data-max-qty="99" data-remaining-stock="99" data-is-wine-moq-product="false" data-moq-val="1"><div class="quantity-picker">
			<input type="hidden" value="secondchoice">
					<input type="hidden" value="1" id="4122090002_1539077_quantity" data-minstock="1">
				</div>
	<input type="hidden" id="4122090002_maxQty" value="99">
		<input type="hidden" id="4122090002_remainingStock" value="99">
		<input type="hidden" id="4122090002_productId" value="1539077">
		<input type="hidden" name="isWineMOQProduct" value="false">
		<input type="hidden" id="4122090002_moqval" value="1">
			<bootstrap class="vue-instance-init">
			<add-to-bucket :product="{&quot;productAvailableAtContext&quot;:true,&quot;smallImageUrl&quot;:&quot;https://images.heb.com/is/image/HEBGrocery/prd-small/h-e-b-select-ingredients-nbsp-shredded-lettuce-001539077.jpg&quot;,&quot;isPrimoPick&quot;:false,&quot;isBestAvailable&quot;:false,&quot;isOnAd&quot;:false,&quot;defaultLevelOneCategory&quot;:&quot;{name=Fruit &amp; Vegetables, id=490020}&quot;,&quot;displayName&quot;:&quot;H-E-B Select Ingredients&amp;amp;nbsp;Shredded Lettuce&quot;,&quot;thumbnailMediumImageUrl&quot;:&quot;https://images.heb.com/is/image/HEBGrocery/prd-thumbnail-medium/h-e-b-select-ingredients-nbsp-shredded-lettuce-001539077.jpg&quot;,&quot;showOnlineMarketingBug&quot;:false,&quot;pdpUrl&quot;:&quot;/product-detail/h-e-b-select-ingredients-nbsp-shredded-lettuce/1539077&quot;,&quot;snipes&quot;:[{&quot;largeImageUrl&quot;:&quot;https://images.heb.com/is/image/HEBGrocery/snp-large/snipe-shsi.jpg&quot;,&quot;name&quot;:&quot;SELECT INGREDIENTS&quot;,&quot;description&quot;:&quot;With H-E-B® select ingredients, you will enjoy foods with carefully chosen ingredients. We never use high fructose corn syrup or hundreds of other synthetic ingredients that may be used in processed foods. For a complete list of ingredients not allowed in H-E-B® select ingredients and a list of additional products to add to your shopping list visit heb.com/select&quot;,&quot;position&quot;:1,&quot;mediumImageUrl&quot;:&quot;https://images.heb.com/is/image/HEBGrocery/snp-medium/snipe-shsi.jpg&quot;}],&quot;defaultBreadCrumb&quot;:[{&quot;displayName&quot;:&quot;Shop&quot;},{&quot;displayName&quot;:&quot;Fruit &amp;amp; Vegetables&quot;},{&quot;displayName&quot;:&quot;Vegetables&quot;},{&quot;displayName&quot;:&quot;Lettuce &amp;amp; Leafy Greens&quot;}],&quot;mediumImageUrl&quot;:&quot;https://images.heb.com/is/image/HEBGrocery/prd-medium/h-e-b-select-ingredients-nbsp-shredded-lettuce-001539077.jpg&quot;,&quot;defaultSku&quot;:{&quot;unitWeight&quot;:1.07,&quot;priceInfo&quot;:{&quot;salePrice&quot;:{&quot;unit&quot;:&quot;each&quot;,&quot;formatted&quot;:&quot;$3.03&quot;,&quot;listPriceAmountRounded&quot;:3.03},&quot;priceType&quot;:&quot;EACH&quot;,&quot;listPrice&quot;:{&quot;unit&quot;:&quot;each&quot;,&quot;formatted&quot;:&quot;$3.03&quot;,&quot;listPriceAmountRounded&quot;:3.03}},&quot;thumbnailImageUrl&quot;:&quot;https://images.heb.com/is/image/HEBGrocery/prd-thumbnail/h-e-b-select-ingredients-nbsp-shredded-lettuce-001539077.jpg&quot;,&quot;couponIds&quot;:[],&quot;availableCouponIds&quot;:[],&quot;unitOfMeasure&quot;:&quot;oz&quot;,&quot;displayName&quot;:&quot;Select Ingredients&amp;amp;nbsp;Shredded Lettuce&quot;,&quot;onSale&quot;:false,&quot;sceneSevenImage&quot;:&quot;001539077&quot;,&quot;weightSelectionIncrements&quot;:[],&quot;customerFriendlySize&quot;:&quot;16 oz&quot;,&quot;id&quot;:&quot;4122090002&quot;,&quot;customerPurchaseChoice&quot;:&quot;EACH&quot;},&quot;minimumOrderQuantityProduct&quot;:false,&quot;minimumOrderQuantity&quot;:1,&quot;maximumOrderQuantity&quot;:99,&quot;thumbnailImageUrl&quot;:&quot;https://images.heb.com/is/image/HEBGrocery/prd-thumbnail/h-e-b-select-ingredients-nbsp-shredded-lettuce-001539077.jpg&quot;,&quot;pricedByWeight&quot;:false,&quot;formattedSalePrice&quot;:&quot;$3.03 each&quot;,&quot;addToCartAllowed&quot;:true,&quot;randomWeight&quot;:false,&quot;addToCartDisabled&quot;:false,&quot;onSale&quot;:false,&quot;id&quot;:&quot;1539077&quot;,&quot;brand&quot;:&quot;H-E-B&quot;,&quot;ownBrand&quot;:true,&quot;fulfillmentChannel&quot;:5005,&quot;storeAssortment&quot;:{&quot;marketingBugKey&quot;:&quot;&quot;,&quot;marketingBugDescription&quot;:&quot;&quot;,&quot;smallImageMarketingBugUrl&quot;:&quot;&quot;}}" bucket="cart" size="normal" listname="Search Results page" button-type="nonspa"></add-to-bucket>
		</bootstrap>
		<button data-action-requires-cookies="" class="cart-add-list btn btn-list btn-full-width mar-bot-0" title="Add to list" onclick="javascript:displayDropdown(this); return false;">Add to list</button>
							<!-- TODO Get this functionality for the vue version -->
							<div class="atl-container product-record" style="display: none;">
								<div class="atl-container-triangle"></div>
								<ul class="shoppingListSelector">
									<li>
											
											<a onclick="javascript:addToListFromPDP(&#39;1539077&#39;, &#39;4122090002&#39;, &#39;gl9476736530&#39;); return false;" href="file:///C:/Users/Christopher/flask-tutorial/heb_lettuce_search.html#" data-shoppinglistid="gl9476736530">My List</a></li>
									</ul>
							</div>
						</form></div>
	</div>

	<script type="application/ld+json" id="gtm-product-click-1539077">
{	
	"event": "e_productClick",
	"ecommerce": {
		"click": {
			"actionField": { "list": "Search Results page" },
			"products": [{ 
				"name": "H-E-B Select Ingredients&nbsp;Shredded Lettuce", 
				"id": "1539077", 
				"category": "Fruit & Vegetables/Vegetables/Lettuce & Leafy Greens", 
				"brand": "H-E-B", 
				"variant": "each",
				"price": 3.03,
				"position": 28, 
				"dimension26": "true",
				"dimension40": "default"
			}]
		}
	}
}
</script>

<script type="application/json" id="gtm-add-to-list-product-1539077">
	
	[{
		"event": "e_addToList",
		"ecommerce": {
			"add": {
				"actionField": {"list": "Search Results page"},
				"products": [{	
					"name": "H-E-B Select Ingredients&nbsp;Shredded Lettuce", 
					"id": "1539077", 
					"category": "Fruit & Vegetables",
					"brand": "H-E-B", 
					"variant": "each", 
					"price": 3.03,
					"quantity": 1, 
					"dimension26": "true"
				}]
			}
		}
	}
	
	,{
		"event": "e_productClick",
		"ecommerce": {
			"click": {
				"actionField": {"list": "Search Results page"},
				"products": [{ 
					"name": "H-E-B Select Ingredients&nbsp;Shredded Lettuce", 
					"id": "1539077", 
					"category": "Fruit & Vegetables",
					"brand": "H-E-B", 
					"variant": "each", 
					"price": 3.03,
					"position": 28,
					"dimension25": "product add to list",
					"dimension26": "true",
					"dimension40": "default"
				}]
			}
		}
	}
	
	]
	</script>

<input type="hidden" class="one-to-one-product" value="false"></li><li class="responsivegriditem product-grid-large-fifth product-grid-small-6" role="group">
		<a id="product-2027960" href="file:///C:/product-detail/eva-butter-lettuce-hearts/2027960" aria-label="Eva Butter Lettuce Hearts,
		2 ct,
		$2.55 each." class="responsivegriditem__aria-link-wrap">
		<div class="responsivegriditem-top " onclick="gtm_e_productClick(&#39;gtm-product-click-2027960&#39;);">

			<div class="cat-feature clearfix">
				<div class="cat-feature-list clearfix">
   		</div></div>
			<div class="cat-list-img gtm-product ">

				<img data-src="https://images.heb.com/is/image/HEBGrocery/prd-small/eva-butter-lettuce-hearts-002027960.jpg" alt="" class="lazyload"><script type="application/ld+json">
{	
	"name": "Eva Butter Lettuce Hearts", 
	"id": "2027960", 
	"category": "Fruit & Vegetables/Vegetables/Lettuce & Leafy Greens",
	"brand": "Eva", 
	"variant": "each", 
	"price": 2.55,
	"list": "Search Results page",
	"position": "29",
	"dimension26": "false",
	"dimension40": "default"
}
</script>

</div>
			</div>
	
		<div class="responsivegriditem-middle ">
			<div class="responsivegriditem__title" onclick="gtm_e_productClick(&#39;gtm-product-click-2027960&#39;);">
					<span class="responsivegriditem__title">
					Eva Butter Lettuce Hearts, <span class="item-size">2 ct</span></span></div>
			<div class="responsivegriditem__rating-container">
				<div class="cat-star clearfix">
    <div class=""><img src="file:///C:/img/stars/smallstaroff.png" alt=""></div>
			<div class=""><img src="file:///C:/img/stars/smallstaroff.png" alt=""></div>
			<div class=""><img src="file:///C:/img/stars/smallstaroff.png" alt=""></div>
			<div class=""><img src="file:///C:/img/stars/smallstaroff.png" alt=""></div>
			<div class="last-star"><img src="file:///C:/img/stars/smallstaroff.png" alt=""></div>
			</div></div>

			<div class="cat-price">
            <div class="responsivegriditem__price-label"></div>
                    <span class="cat-price-number">
                        $2.55 each</span>
                <span class="cat-sale-price-container">
                </span>
        </div><div class="cdp-moq">
				</div>
		</div>
	</a>
	<div class="responsivegriditem-bottom">
		<div class="cart-actions clearfix">
			<form id="form-2027960" data-product-id="2027960" data-is-hidden="false" data-is-disabled="false" data-is-ship-to-home="false" data-max-qty="99" data-remaining-stock="99" data-is-wine-moq-product="false" data-moq-val="1"><div class="quantity-picker">
			<input type="hidden" value="secondchoice">
					<input type="hidden" value="1" id="81908101000_2027960_quantity" data-minstock="1">
				</div>
	<input type="hidden" id="81908101000_maxQty" value="99">
		<input type="hidden" id="81908101000_remainingStock" value="99">
		<input type="hidden" id="81908101000_productId" value="2027960">
		<input type="hidden" name="isWineMOQProduct" value="false">
		<input type="hidden" id="81908101000_moqval" value="1">
			<bootstrap class="vue-instance-init">
			<add-to-bucket :product="{&quot;productAvailableAtContext&quot;:true,&quot;smallImageUrl&quot;:&quot;https://images.heb.com/is/image/HEBGrocery/prd-small/eva-butter-lettuce-hearts-002027960.jpg&quot;,&quot;isPrimoPick&quot;:false,&quot;isBestAvailable&quot;:false,&quot;isOnAd&quot;:false,&quot;defaultLevelOneCategory&quot;:&quot;{name=Fruit &amp; Vegetables, id=490020}&quot;,&quot;displayName&quot;:&quot;Eva Butter Lettuce Hearts&quot;,&quot;thumbnailMediumImageUrl&quot;:&quot;https://images.heb.com/is/image/HEBGrocery/prd-thumbnail-medium/eva-butter-lettuce-hearts-002027960.jpg&quot;,&quot;showOnlineMarketingBug&quot;:false,&quot;pdpUrl&quot;:&quot;/product-detail/eva-butter-lettuce-hearts/2027960&quot;,&quot;snipes&quot;:[],&quot;defaultBreadCrumb&quot;:[{&quot;displayName&quot;:&quot;Shop&quot;},{&quot;displayName&quot;:&quot;Fruit &amp;amp; Vegetables&quot;},{&quot;displayName&quot;:&quot;Vegetables&quot;},{&quot;displayName&quot;:&quot;Lettuce &amp;amp; Leafy Greens&quot;}],&quot;mediumImageUrl&quot;:&quot;https://images.heb.com/is/image/HEBGrocery/prd-medium/eva-butter-lettuce-hearts-002027960.jpg&quot;,&quot;defaultSku&quot;:{&quot;unitWeight&quot;:0.6,&quot;priceInfo&quot;:{&quot;salePrice&quot;:{&quot;unit&quot;:&quot;each&quot;,&quot;formatted&quot;:&quot;$2.55&quot;,&quot;listPriceAmountRounded&quot;:2.55},&quot;priceType&quot;:&quot;EACH&quot;,&quot;listPrice&quot;:{&quot;unit&quot;:&quot;each&quot;,&quot;formatted&quot;:&quot;$2.55&quot;,&quot;listPriceAmountRounded&quot;:2.55}},&quot;thumbnailImageUrl&quot;:&quot;https://images.heb.com/is/image/HEBGrocery/prd-thumbnail/eva-butter-lettuce-hearts-002027960.jpg&quot;,&quot;couponIds&quot;:[],&quot;availableCouponIds&quot;:[],&quot;unitOfMeasure&quot;:&quot;EACH&quot;,&quot;displayName&quot;:&quot;Butter Lettuce Hearts&quot;,&quot;onSale&quot;:false,&quot;sceneSevenImage&quot;:&quot;002027960&quot;,&quot;weightSelectionIncrements&quot;:[],&quot;customerFriendlySize&quot;:&quot;2 ct&quot;,&quot;id&quot;:&quot;81908101000&quot;,&quot;customerPurchaseChoice&quot;:&quot;EACH&quot;},&quot;minimumOrderQuantityProduct&quot;:false,&quot;minimumOrderQuantity&quot;:1,&quot;maximumOrderQuantity&quot;:99,&quot;thumbnailImageUrl&quot;:&quot;https://images.heb.com/is/image/HEBGrocery/prd-thumbnail/eva-butter-lettuce-hearts-002027960.jpg&quot;,&quot;pricedByWeight&quot;:false,&quot;formattedSalePrice&quot;:&quot;$2.55 each&quot;,&quot;addToCartAllowed&quot;:true,&quot;randomWeight&quot;:false,&quot;addToCartDisabled&quot;:false,&quot;onSale&quot;:false,&quot;id&quot;:&quot;2027960&quot;,&quot;brand&quot;:&quot;Eva&quot;,&quot;ownBrand&quot;:false,&quot;fulfillmentChannel&quot;:5005,&quot;storeAssortment&quot;:{&quot;marketingBugKey&quot;:&quot;&quot;,&quot;marketingBugDescription&quot;:&quot;&quot;,&quot;smallImageMarketingBugUrl&quot;:&quot;&quot;}}" bucket="cart" size="normal" listname="Search Results page" button-type="nonspa"></add-to-bucket>
		</bootstrap>
		<button data-action-requires-cookies="" class="cart-add-list btn btn-list btn-full-width mar-bot-0" title="Add to list" onclick="javascript:displayDropdown(this); return false;">Add to list</button>
							<!-- TODO Get this functionality for the vue version -->
							<div class="atl-container product-record" style="display: none;">
								<div class="atl-container-triangle"></div>
								<ul class="shoppingListSelector">
									<li>
											
											<a onclick="javascript:addToListFromPDP(&#39;2027960&#39;, &#39;81908101000&#39;, &#39;gl9476736530&#39;); return false;" href="file:///C:/Users/Christopher/flask-tutorial/heb_lettuce_search.html#" data-shoppinglistid="gl9476736530">My List</a></li>
									</ul>
							</div>
						</form></div>
	</div>

	<script type="application/ld+json" id="gtm-product-click-2027960">
{	
	"event": "e_productClick",
	"ecommerce": {
		"click": {
			"actionField": { "list": "Search Results page" },
			"products": [{ 
				"name": "Eva Butter Lettuce Hearts", 
				"id": "2027960", 
				"category": "Fruit & Vegetables/Vegetables/Lettuce & Leafy Greens", 
				"brand": "Eva", 
				"variant": "each",
				"price": 2.55,
				"position": 29, 
				"dimension26": "false",
				"dimension40": "default"
			}]
		}
	}
}
</script>

<script type="application/json" id="gtm-add-to-list-product-2027960">
	
	[{
		"event": "e_addToList",
		"ecommerce": {
			"add": {
				"actionField": {"list": "Search Results page"},
				"products": [{	
					"name": "Eva Butter Lettuce Hearts", 
					"id": "2027960", 
					"category": "Fruit & Vegetables",
					"brand": "Eva", 
					"variant": "each", 
					"price": 2.55,
					"quantity": 1, 
					"dimension26": "false"
				}]
			}
		}
	}
	
	,{
		"event": "e_productClick",
		"ecommerce": {
			"click": {
				"actionField": {"list": "Search Results page"},
				"products": [{ 
					"name": "Eva Butter Lettuce Hearts", 
					"id": "2027960", 
					"category": "Fruit & Vegetables",
					"brand": "Eva", 
					"variant": "each", 
					"price": 2.55,
					"position": 29,
					"dimension25": "product add to list",
					"dimension26": "false",
					"dimension40": "default"
				}]
			}
		}
	}
	
	]
	</script>

<input type="hidden" class="one-to-one-product" value="false"></li><li class="responsivegriditem product-grid-large-fifth product-grid-small-6" role="group">
		<a id="product-1558749" href="file:///C:/product-detail/dole-shredded-lettuce/1558749" aria-label="Dole Shredded Lettuce,
		8 oz,
		$2.04 each." class="responsivegriditem__aria-link-wrap">
		<div class="responsivegriditem-top " onclick="gtm_e_productClick(&#39;gtm-product-click-1558749&#39;);">

			<div class="cat-feature clearfix">
				<div class="cat-feature-list clearfix">
   		</div></div>
			<div class="cat-list-img gtm-product ">

				<img data-src="https://images.heb.com/is/image/HEBGrocery/prd-small/dole-shredded-lettuce-001558749.jpg" alt="" class="lazyload"><script type="application/ld+json">
{	
	"name": "Dole Shredded Lettuce", 
	"id": "1558749", 
	"category": "Fruit & Vegetables/Vegetables/Lettuce & Leafy Greens",
	"brand": "Dole", 
	"variant": "each", 
	"price": 2.04,
	"list": "Search Results page",
	"position": "30",
	"dimension26": "false",
	"dimension40": "default"
}
</script>

</div>
			</div>
	
		<div class="responsivegriditem-middle ">
			<div class="responsivegriditem__title" onclick="gtm_e_productClick(&#39;gtm-product-click-1558749&#39;);">
					<span class="responsivegriditem__title">
					Dole Shredded Lettuce, <span class="item-size">8 oz</span></span></div>
			<div class="responsivegriditem__rating-container">
				<div class="cat-star clearfix">
    <div class=""><img src="file:///C:/img/stars/smallstaroff.png" alt=""></div>
			<div class=""><img src="file:///C:/img/stars/smallstaroff.png" alt=""></div>
			<div class=""><img src="file:///C:/img/stars/smallstaroff.png" alt=""></div>
			<div class=""><img src="file:///C:/img/stars/smallstaroff.png" alt=""></div>
			<div class="last-star"><img src="file:///C:/img/stars/smallstaroff.png" alt=""></div>
			</div></div>

			<div class="cat-price">
            <div class="responsivegriditem__price-label"></div>
                    <span class="cat-price-number">
                        $2.04 each</span>
                <span class="cat-sale-price-container">
                <span class="uomSalePrice">
                        ($0.26/oz)
                    </span>
                </span>
        </div><div class="cdp-moq">
				</div>
		</div>
	</a>
	<div class="responsivegriditem-bottom">
		<div class="cart-actions clearfix">
			<form id="form-1558749" data-product-id="1558749" data-is-hidden="false" data-is-disabled="false" data-is-ship-to-home="false" data-max-qty="99" data-remaining-stock="99" data-is-wine-moq-product="false" data-moq-val="1"><div class="quantity-picker">
			<input type="hidden" value="secondchoice">
					<input type="hidden" value="1" id="7143001065_1558749_quantity" data-minstock="1">
				</div>
	<input type="hidden" id="7143001065_maxQty" value="99">
		<input type="hidden" id="7143001065_remainingStock" value="99">
		<input type="hidden" id="7143001065_productId" value="1558749">
		<input type="hidden" name="isWineMOQProduct" value="false">
		<input type="hidden" id="7143001065_moqval" value="1">
			<bootstrap class="vue-instance-init">
			<add-to-bucket :product="{&quot;productAvailableAtContext&quot;:true,&quot;smallImageUrl&quot;:&quot;https://images.heb.com/is/image/HEBGrocery/prd-small/dole-shredded-lettuce-001558749.jpg&quot;,&quot;isPrimoPick&quot;:false,&quot;isBestAvailable&quot;:false,&quot;isOnAd&quot;:false,&quot;defaultLevelOneCategory&quot;:&quot;{name=Fruit &amp; Vegetables, id=490020}&quot;,&quot;displayName&quot;:&quot;Dole Shredded Lettuce&quot;,&quot;thumbnailMediumImageUrl&quot;:&quot;https://images.heb.com/is/image/HEBGrocery/prd-thumbnail-medium/dole-shredded-lettuce-001558749.jpg&quot;,&quot;showOnlineMarketingBug&quot;:false,&quot;pdpUrl&quot;:&quot;/product-detail/dole-shredded-lettuce/1558749&quot;,&quot;snipes&quot;:[],&quot;defaultBreadCrumb&quot;:[{&quot;displayName&quot;:&quot;Shop&quot;},{&quot;displayName&quot;:&quot;Fruit &amp;amp; Vegetables&quot;},{&quot;displayName&quot;:&quot;Vegetables&quot;},{&quot;displayName&quot;:&quot;Lettuce &amp;amp; Leafy Greens&quot;}],&quot;mediumImageUrl&quot;:&quot;https://images.heb.com/is/image/HEBGrocery/prd-medium/dole-shredded-lettuce-001558749.jpg&quot;,&quot;defaultSku&quot;:{&quot;unitWeight&quot;:0.54,&quot;priceInfo&quot;:{&quot;salePrice&quot;:{&quot;unit&quot;:&quot;each&quot;,&quot;formatted&quot;:&quot;$2.04&quot;,&quot;listPriceAmountRounded&quot;:2.04},&quot;priceType&quot;:&quot;EACH&quot;,&quot;listPrice&quot;:{&quot;unit&quot;:&quot;each&quot;,&quot;formatted&quot;:&quot;$2.04&quot;,&quot;listPriceAmountRounded&quot;:2.04}},&quot;thumbnailImageUrl&quot;:&quot;https://images.heb.com/is/image/HEBGrocery/prd-thumbnail/dole-shredded-lettuce-001558749.jpg&quot;,&quot;couponIds&quot;:[],&quot;availableCouponIds&quot;:[],&quot;unitOfMeasure&quot;:&quot;oz&quot;,&quot;displayName&quot;:&quot;Shredded Lettuce&quot;,&quot;onSale&quot;:false,&quot;sceneSevenImage&quot;:&quot;001558749&quot;,&quot;weightSelectionIncrements&quot;:[],&quot;customerFriendlySize&quot;:&quot;8 oz&quot;,&quot;id&quot;:&quot;7143001065&quot;,&quot;customerPurchaseChoice&quot;:&quot;EACH&quot;},&quot;minimumOrderQuantityProduct&quot;:false,&quot;minimumOrderQuantity&quot;:1,&quot;maximumOrderQuantity&quot;:99,&quot;thumbnailImageUrl&quot;:&quot;https://images.heb.com/is/image/HEBGrocery/prd-thumbnail/dole-shredded-lettuce-001558749.jpg&quot;,&quot;pricedByWeight&quot;:false,&quot;formattedSalePrice&quot;:&quot;$2.04 each&quot;,&quot;addToCartAllowed&quot;:true,&quot;randomWeight&quot;:false,&quot;addToCartDisabled&quot;:false,&quot;onSale&quot;:false,&quot;id&quot;:&quot;1558749&quot;,&quot;brand&quot;:&quot;Dole&quot;,&quot;ownBrand&quot;:false,&quot;fulfillmentChannel&quot;:5005,&quot;storeAssortment&quot;:{&quot;marketingBugKey&quot;:&quot;&quot;,&quot;marketingBugDescription&quot;:&quot;&quot;,&quot;smallImageMarketingBugUrl&quot;:&quot;&quot;}}" bucket="cart" size="normal" listname="Search Results page" button-type="nonspa"></add-to-bucket>
		</bootstrap>
		<button data-action-requires-cookies="" class="cart-add-list btn btn-list btn-full-width mar-bot-0" title="Add to list" onclick="javascript:displayDropdown(this); return false;">Add to list</button>
							<!-- TODO Get this functionality for the vue version -->
							<div class="atl-container product-record" style="display: none;">
								<div class="atl-container-triangle"></div>
								<ul class="shoppingListSelector">
									<li>
											
											<a onclick="javascript:addToListFromPDP(&#39;1558749&#39;, &#39;7143001065&#39;, &#39;gl9476736530&#39;); return false;" href="file:///C:/Users/Christopher/flask-tutorial/heb_lettuce_search.html#" data-shoppinglistid="gl9476736530">My List</a></li>
									</ul>
							</div>
						</form></div>
	</div>

	<script type="application/ld+json" id="gtm-product-click-1558749">
{	
	"event": "e_productClick",
	"ecommerce": {
		"click": {
			"actionField": { "list": "Search Results page" },
			"products": [{ 
				"name": "Dole Shredded Lettuce", 
				"id": "1558749", 
				"category": "Fruit & Vegetables/Vegetables/Lettuce & Leafy Greens", 
				"brand": "Dole", 
				"variant": "each",
				"price": 2.04,
				"position": 30, 
				"dimension26": "false",
				"dimension40": "default"
			}]
		}
	}
}
</script>

<script type="application/json" id="gtm-add-to-list-product-1558749">
	
	[{
		"event": "e_addToList",
		"ecommerce": {
			"add": {
				"actionField": {"list": "Search Results page"},
				"products": [{	
					"name": "Dole Shredded Lettuce", 
					"id": "1558749", 
					"category": "Fruit & Vegetables",
					"brand": "Dole", 
					"variant": "each", 
					"price": 2.04,
					"quantity": 1, 
					"dimension26": "false"
				}]
			}
		}
	}
	
	,{
		"event": "e_productClick",
		"ecommerce": {
			"click": {
				"actionField": {"list": "Search Results page"},
				"products": [{ 
					"name": "Dole Shredded Lettuce", 
					"id": "1558749", 
					"category": "Fruit & Vegetables",
					"brand": "Dole", 
					"variant": "each", 
					"price": 2.04,
					"position": 30,
					"dimension25": "product add to list",
					"dimension26": "false",
					"dimension40": "default"
				}]
			}
		}
	}
	
	]
	</script>

<input type="hidden" class="one-to-one-product" value="false"></li><li class="responsivegriditem product-grid-large-fifth product-grid-small-6" role="group">
		<a id="product-1662448" href="file:///C:/product-detail/sun-bird-chicken-lettuce-wraps-seasoning-mix/1662448" aria-label="Sun-Bird Chicken Lettuce Wraps Seasoning Mix,
		1.25 oz,
		$0.97 each." class="responsivegriditem__aria-link-wrap">
		<div class="responsivegriditem-top " onclick="gtm_e_productClick(&#39;gtm-product-click-1662448&#39;);">

			<div class="cat-feature clearfix">
				<div class="cat-feature-list clearfix">
   		</div></div>
			<div class="cat-list-img gtm-product ">

				<img data-src="https://images.heb.com/is/image/HEBGrocery/prd-small/sun-bird-chicken-lettuce-wraps-seasoning-mix-001662448.jpg" alt="" class="lazyload"><script type="application/ld+json">
{	
	"name": "Sun-Bird Chicken Lettuce Wraps Seasoning Mix", 
	"id": "1662448", 
	"category": "Pantry/Spices & Seasonings/Spice Mixes",
	"brand": "Sun-Bird", 
	"variant": "each", 
	"price": 0.97,
	"list": "Search Results page",
	"position": "31",
	"dimension26": "false",
	"dimension40": "default"
}
</script>

</div>
			</div>
	
		<div class="responsivegriditem-middle ">
			<div class="responsivegriditem__title" onclick="gtm_e_productClick(&#39;gtm-product-click-1662448&#39;);">
					<span class="responsivegriditem__title">
					Sun-Bird Chicken Lettuce Wraps Seasoning Mix, <span class="item-size">1.25 oz</span></span></div>
			<div class="responsivegriditem__rating-container">
				<div class="cat-star clearfix">
    <div class=""><img src="file:///C:/img/stars/smallstaroff.png" alt=""></div>
			<div class=""><img src="file:///C:/img/stars/smallstaroff.png" alt=""></div>
			<div class=""><img src="file:///C:/img/stars/smallstaroff.png" alt=""></div>
			<div class=""><img src="file:///C:/img/stars/smallstaroff.png" alt=""></div>
			<div class="last-star"><img src="file:///C:/img/stars/smallstaroff.png" alt=""></div>
			</div></div>

			<div class="cat-price">
            <div class="responsivegriditem__price-label"></div>
                    <span class="cat-price-number">
                        $0.97 each</span>
                <span class="cat-sale-price-container">
                <span class="uomSalePrice">
                        ($0.78/oz)
                    </span>
                </span>
        </div><div class="cdp-moq">
				</div>
		</div>
	</a>
	<div class="responsivegriditem-bottom">
		<div class="cart-actions clearfix">
			<form id="form-1662448" data-product-id="1662448" data-is-hidden="false" data-is-disabled="false" data-is-ship-to-home="false" data-max-qty="99" data-remaining-stock="99" data-is-wine-moq-product="false" data-moq-val="1"><div class="quantity-picker">
			<input type="hidden" value="secondchoice">
					<input type="hidden" value="1" id="7488007035_1662448_quantity" data-minstock="1">
				</div>
	<input type="hidden" id="7488007035_maxQty" value="99">
		<input type="hidden" id="7488007035_remainingStock" value="99">
		<input type="hidden" id="7488007035_productId" value="1662448">
		<input type="hidden" name="isWineMOQProduct" value="false">
		<input type="hidden" id="7488007035_moqval" value="1">
			<bootstrap class="vue-instance-init">
			<add-to-bucket :product="{&quot;productAvailableAtContext&quot;:true,&quot;smallImageUrl&quot;:&quot;https://images.heb.com/is/image/HEBGrocery/prd-small/sun-bird-chicken-lettuce-wraps-seasoning-mix-001662448.jpg&quot;,&quot;isPrimoPick&quot;:false,&quot;isBestAvailable&quot;:false,&quot;isOnAd&quot;:false,&quot;defaultLevelOneCategory&quot;:&quot;{name=Pantry, id=490024}&quot;,&quot;displayName&quot;:&quot;Sun-Bird Chicken Lettuce Wraps Seasoning Mix&quot;,&quot;thumbnailMediumImageUrl&quot;:&quot;https://images.heb.com/is/image/HEBGrocery/prd-thumbnail-medium/sun-bird-chicken-lettuce-wraps-seasoning-mix-001662448.jpg&quot;,&quot;showOnlineMarketingBug&quot;:false,&quot;pdpUrl&quot;:&quot;/product-detail/sun-bird-chicken-lettuce-wraps-seasoning-mix/1662448&quot;,&quot;snipes&quot;:[],&quot;defaultBreadCrumb&quot;:[{&quot;displayName&quot;:&quot;Shop&quot;},{&quot;displayName&quot;:&quot;Pantry&quot;},{&quot;displayName&quot;:&quot;Spices &amp;amp; Seasonings&quot;},{&quot;displayName&quot;:&quot;Spice Mixes&quot;}],&quot;mediumImageUrl&quot;:&quot;https://images.heb.com/is/image/HEBGrocery/prd-medium/sun-bird-chicken-lettuce-wraps-seasoning-mix-001662448.jpg&quot;,&quot;defaultSku&quot;:{&quot;unitWeight&quot;:0.09,&quot;priceInfo&quot;:{&quot;salePrice&quot;:{&quot;unit&quot;:&quot;each&quot;,&quot;formatted&quot;:&quot;$0.97&quot;,&quot;listPriceAmountRounded&quot;:0.97},&quot;priceType&quot;:&quot;EACH&quot;,&quot;listPrice&quot;:{&quot;unit&quot;:&quot;each&quot;,&quot;formatted&quot;:&quot;$0.97&quot;,&quot;listPriceAmountRounded&quot;:0.97}},&quot;thumbnailImageUrl&quot;:&quot;https://images.heb.com/is/image/HEBGrocery/prd-thumbnail/sun-bird-chicken-lettuce-wraps-seasoning-mix-001662448.jpg&quot;,&quot;couponIds&quot;:[],&quot;availableCouponIds&quot;:[],&quot;unitOfMeasure&quot;:&quot;oz&quot;,&quot;displayName&quot;:&quot;Chicken Lettuce Wraps Seasoning Mix&quot;,&quot;onSale&quot;:false,&quot;sceneSevenImage&quot;:&quot;001662448&quot;,&quot;weightSelectionIncrements&quot;:[],&quot;customerFriendlySize&quot;:&quot;1.25 oz&quot;,&quot;id&quot;:&quot;7488007035&quot;,&quot;customerPurchaseChoice&quot;:&quot;EACH&quot;},&quot;minimumOrderQuantityProduct&quot;:false,&quot;minimumOrderQuantity&quot;:1,&quot;maximumOrderQuantity&quot;:99,&quot;thumbnailImageUrl&quot;:&quot;https://images.heb.com/is/image/HEBGrocery/prd-thumbnail/sun-bird-chicken-lettuce-wraps-seasoning-mix-001662448.jpg&quot;,&quot;pricedByWeight&quot;:false,&quot;formattedSalePrice&quot;:&quot;$0.97 each&quot;,&quot;addToCartAllowed&quot;:true,&quot;randomWeight&quot;:false,&quot;addToCartDisabled&quot;:false,&quot;onSale&quot;:false,&quot;id&quot;:&quot;1662448&quot;,&quot;brand&quot;:&quot;Sun-Bird&quot;,&quot;ownBrand&quot;:false,&quot;fulfillmentChannel&quot;:5005,&quot;storeAssortment&quot;:{&quot;marketingBugKey&quot;:&quot;&quot;,&quot;marketingBugDescription&quot;:&quot;&quot;,&quot;smallImageMarketingBugUrl&quot;:&quot;&quot;}}" bucket="cart" size="normal" listname="Search Results page" button-type="nonspa"></add-to-bucket>
		</bootstrap>
		<button data-action-requires-cookies="" class="cart-add-list btn btn-list btn-full-width mar-bot-0" title="Add to list" onclick="javascript:displayDropdown(this); return false;">Add to list</button>
							<!-- TODO Get this functionality for the vue version -->
							<div class="atl-container product-record" style="display: none;">
								<div class="atl-container-triangle"></div>
								<ul class="shoppingListSelector">
									<li>
											
											<a onclick="javascript:addToListFromPDP(&#39;1662448&#39;, &#39;7488007035&#39;, &#39;gl9476736530&#39;); return false;" href="file:///C:/Users/Christopher/flask-tutorial/heb_lettuce_search.html#" data-shoppinglistid="gl9476736530">My List</a></li>
									</ul>
							</div>
						</form></div>
	</div>

	<script type="application/ld+json" id="gtm-product-click-1662448">
{	
	"event": "e_productClick",
	"ecommerce": {
		"click": {
			"actionField": { "list": "Search Results page" },
			"products": [{ 
				"name": "Sun-Bird Chicken Lettuce Wraps Seasoning Mix", 
				"id": "1662448", 
				"category": "Pantry/Spices & Seasonings/Spice Mixes", 
				"brand": "Sun-Bird", 
				"variant": "each",
				"price": 0.97,
				"position": 31, 
				"dimension26": "false",
				"dimension40": "default"
			}]
		}
	}
}
</script>

<script type="application/json" id="gtm-add-to-list-product-1662448">
	
	[{
		"event": "e_addToList",
		"ecommerce": {
			"add": {
				"actionField": {"list": "Search Results page"},
				"products": [{	
					"name": "Sun-Bird Chicken Lettuce Wraps Seasoning Mix", 
					"id": "1662448", 
					"category": "Pantry",
					"brand": "Sun-Bird", 
					"variant": "each", 
					"price": 0.97,
					"quantity": 1, 
					"dimension26": "false"
				}]
			}
		}
	}
	
	,{
		"event": "e_productClick",
		"ecommerce": {
			"click": {
				"actionField": {"list": "Search Results page"},
				"products": [{ 
					"name": "Sun-Bird Chicken Lettuce Wraps Seasoning Mix", 
					"id": "1662448", 
					"category": "Pantry",
					"brand": "Sun-Bird", 
					"variant": "each", 
					"price": 0.97,
					"position": 31,
					"dimension25": "product add to list",
					"dimension26": "false",
					"dimension40": "default"
				}]
			}
		}
	}
	
	]
	</script>

<input type="hidden" class="one-to-one-product" value="false"></li><li class="responsivegriditem product-grid-large-fifth product-grid-small-6" role="group">
		<a id="product-1459166" href="file:///C:/product-detail/lee-kum-kee-panda-brand-sauce-for-lettuce-wrap/1459166" aria-label="Lee Kum Kee Panda Brand Sauce For Lettuce Wrap,
		8 oz,
		$3.36 each." class="responsivegriditem__aria-link-wrap">
		<div class="responsivegriditem-top " onclick="gtm_e_productClick(&#39;gtm-product-click-1459166&#39;);">

			<div class="cat-feature clearfix">
				<div class="cat-feature-list clearfix">
   		</div></div>
			<div class="cat-list-img gtm-product ">

				<img data-src="https://images.heb.com/is/image/HEBGrocery/prd-small/lee-kum-kee-panda-brand-sauce-for-lettuce-wrap-001459166.jpg" alt="" class="lazyload"><script type="application/ld+json">
{	
	"name": "Lee Kum Kee Panda Brand Sauce For Lettuce Wrap", 
	"id": "1459166", 
	"category": "Pantry/Sauces & Marinades/Cooking Sauces",
	"brand": "Lee Kum Kee", 
	"variant": "each", 
	"price": 3.36,
	"list": "Search Results page",
	"position": "32",
	"dimension26": "false",
	"dimension40": "default"
}
</script>

</div>
			</div>
	
		<div class="responsivegriditem-middle ">
			<div class="responsivegriditem__title" onclick="gtm_e_productClick(&#39;gtm-product-click-1459166&#39;);">
					<span class="responsivegriditem__title">
					Lee Kum Kee Panda Brand Sauce For Lettuce Wrap, <span class="item-size">8 oz</span></span></div>
			<div class="responsivegriditem__rating-container">
				<div class="cat-star clearfix">
    <div class=""><img src="file:///C:/img/stars/smallstaroff.png" alt=""></div>
			<div class=""><img src="file:///C:/img/stars/smallstaroff.png" alt=""></div>
			<div class=""><img src="file:///C:/img/stars/smallstaroff.png" alt=""></div>
			<div class=""><img src="file:///C:/img/stars/smallstaroff.png" alt=""></div>
			<div class="last-star"><img src="file:///C:/img/stars/smallstaroff.png" alt=""></div>
			</div></div>

			<div class="cat-price">
            <div class="responsivegriditem__price-label"></div>
                    <span class="cat-price-number">
                        $3.36 each</span>
                <span class="cat-sale-price-container">
                <span class="uomSalePrice">
                        ($0.42/oz)
                    </span>
                </span>
        </div><div class="cdp-moq">
				</div>
		</div>
	</a>
	<div class="responsivegriditem-bottom">
		<div class="cart-actions clearfix">
			<form id="form-1459166" data-product-id="1459166" data-is-hidden="false" data-is-disabled="false" data-is-ship-to-home="false" data-max-qty="99" data-remaining-stock="99" data-is-wine-moq-product="false" data-moq-val="1"><div class="quantity-picker">
			<input type="hidden" value="secondchoice">
					<input type="hidden" value="1" id="7889513492_1459166_quantity" data-minstock="1">
				</div>
	<input type="hidden" id="7889513492_maxQty" value="99">
		<input type="hidden" id="7889513492_remainingStock" value="99">
		<input type="hidden" id="7889513492_productId" value="1459166">
		<input type="hidden" name="isWineMOQProduct" value="false">
		<input type="hidden" id="7889513492_moqval" value="1">
			<bootstrap class="vue-instance-init">
			<add-to-bucket :product="{&quot;productAvailableAtContext&quot;:true,&quot;smallImageUrl&quot;:&quot;https://images.heb.com/is/image/HEBGrocery/prd-small/lee-kum-kee-panda-brand-sauce-for-lettuce-wrap-001459166.jpg&quot;,&quot;isPrimoPick&quot;:false,&quot;isBestAvailable&quot;:false,&quot;isOnAd&quot;:false,&quot;defaultLevelOneCategory&quot;:&quot;{name=Pantry, id=490024}&quot;,&quot;displayName&quot;:&quot;Lee Kum Kee Panda Brand Sauce For Lettuce Wrap&quot;,&quot;thumbnailMediumImageUrl&quot;:&quot;https://images.heb.com/is/image/HEBGrocery/prd-thumbnail-medium/lee-kum-kee-panda-brand-sauce-for-lettuce-wrap-001459166.jpg&quot;,&quot;showOnlineMarketingBug&quot;:false,&quot;pdpUrl&quot;:&quot;/product-detail/lee-kum-kee-panda-brand-sauce-for-lettuce-wrap/1459166&quot;,&quot;snipes&quot;:[],&quot;defaultBreadCrumb&quot;:[{&quot;displayName&quot;:&quot;Shop&quot;},{&quot;displayName&quot;:&quot;Pantry&quot;},{&quot;displayName&quot;:&quot;Sauces &amp;amp; Marinades&quot;},{&quot;displayName&quot;:&quot;Cooking Sauces&quot;}],&quot;mediumImageUrl&quot;:&quot;https://images.heb.com/is/image/HEBGrocery/prd-medium/lee-kum-kee-panda-brand-sauce-for-lettuce-wrap-001459166.jpg&quot;,&quot;defaultSku&quot;:{&quot;unitWeight&quot;:0.48,&quot;priceInfo&quot;:{&quot;salePrice&quot;:{&quot;unit&quot;:&quot;each&quot;,&quot;formatted&quot;:&quot;$3.36&quot;,&quot;listPriceAmountRounded&quot;:3.36},&quot;priceType&quot;:&quot;EACH&quot;,&quot;listPrice&quot;:{&quot;unit&quot;:&quot;each&quot;,&quot;formatted&quot;:&quot;$3.36&quot;,&quot;listPriceAmountRounded&quot;:3.36}},&quot;thumbnailImageUrl&quot;:&quot;https://images.heb.com/is/image/HEBGrocery/prd-thumbnail/lee-kum-kee-panda-brand-sauce-for-lettuce-wrap-001459166.jpg&quot;,&quot;couponIds&quot;:[],&quot;availableCouponIds&quot;:[],&quot;unitOfMeasure&quot;:&quot;oz&quot;,&quot;displayName&quot;:&quot;Panda Brand Sauce For Lettuce Wrap&quot;,&quot;onSale&quot;:false,&quot;sceneSevenImage&quot;:&quot;001459166&quot;,&quot;weightSelectionIncrements&quot;:[],&quot;customerFriendlySize&quot;:&quot;8 oz&quot;,&quot;id&quot;:&quot;7889513492&quot;,&quot;customerPurchaseChoice&quot;:&quot;EACH&quot;},&quot;minimumOrderQuantityProduct&quot;:false,&quot;minimumOrderQuantity&quot;:1,&quot;maximumOrderQuantity&quot;:99,&quot;thumbnailImageUrl&quot;:&quot;https://images.heb.com/is/image/HEBGrocery/prd-thumbnail/lee-kum-kee-panda-brand-sauce-for-lettuce-wrap-001459166.jpg&quot;,&quot;pricedByWeight&quot;:false,&quot;formattedSalePrice&quot;:&quot;$3.36 each&quot;,&quot;addToCartAllowed&quot;:true,&quot;randomWeight&quot;:false,&quot;addToCartDisabled&quot;:false,&quot;onSale&quot;:false,&quot;id&quot;:&quot;1459166&quot;,&quot;brand&quot;:&quot;Lee Kum Kee&quot;,&quot;ownBrand&quot;:false,&quot;fulfillmentChannel&quot;:5005,&quot;storeAssortment&quot;:{&quot;marketingBugKey&quot;:&quot;&quot;,&quot;marketingBugDescription&quot;:&quot;&quot;,&quot;smallImageMarketingBugUrl&quot;:&quot;&quot;}}" bucket="cart" size="normal" listname="Search Results page" button-type="nonspa"></add-to-bucket>
		</bootstrap>
		<button data-action-requires-cookies="" class="cart-add-list btn btn-list btn-full-width mar-bot-0" title="Add to list" onclick="javascript:displayDropdown(this); return false;">Add to list</button>
							<!-- TODO Get this functionality for the vue version -->
							<div class="atl-container product-record" style="display: none;">
								<div class="atl-container-triangle"></div>
								<ul class="shoppingListSelector">
									<li>
											
											<a onclick="javascript:addToListFromPDP(&#39;1459166&#39;, &#39;7889513492&#39;, &#39;gl9476736530&#39;); return false;" href="file:///C:/Users/Christopher/flask-tutorial/heb_lettuce_search.html#" data-shoppinglistid="gl9476736530">My List</a></li>
									</ul>
							</div>
						</form></div>
	</div>

	<script type="application/ld+json" id="gtm-product-click-1459166">
{	
	"event": "e_productClick",
	"ecommerce": {
		"click": {
			"actionField": { "list": "Search Results page" },
			"products": [{ 
				"name": "Lee Kum Kee Panda Brand Sauce For Lettuce Wrap", 
				"id": "1459166", 
				"category": "Pantry/Sauces & Marinades/Cooking Sauces", 
				"brand": "Lee Kum Kee", 
				"variant": "each",
				"price": 3.36,
				"position": 32, 
				"dimension26": "false",
				"dimension40": "default"
			}]
		}
	}
}
</script>

<script type="application/json" id="gtm-add-to-list-product-1459166">
	
	[{
		"event": "e_addToList",
		"ecommerce": {
			"add": {
				"actionField": {"list": "Search Results page"},
				"products": [{	
					"name": "Lee Kum Kee Panda Brand Sauce For Lettuce Wrap", 
					"id": "1459166", 
					"category": "Pantry",
					"brand": "Lee Kum Kee", 
					"variant": "each", 
					"price": 3.36,
					"quantity": 1, 
					"dimension26": "false"
				}]
			}
		}
	}
	
	,{
		"event": "e_productClick",
		"ecommerce": {
			"click": {
				"actionField": {"list": "Search Results page"},
				"products": [{ 
					"name": "Lee Kum Kee Panda Brand Sauce For Lettuce Wrap", 
					"id": "1459166", 
					"category": "Pantry",
					"brand": "Lee Kum Kee", 
					"variant": "each", 
					"price": 3.36,
					"position": 32,
					"dimension25": "product add to list",
					"dimension26": "false",
					"dimension40": "default"
				}]
			}
		}
	}
	
	]
	</script>

<input type="hidden" class="one-to-one-product" value="false"></li><li class="responsivegriditem product-grid-large-fifth product-grid-small-6" role="group">
		<a id="product-984624" href="file:///C:/product-detail/h-e-b-baby-spinach/984624" aria-label="H-E-B Baby Spinach,
		6 oz,
		$2.33 each. Features:  HEART HEALTHY.  SELECT INGREDIENTS.  Rated 4.5 out of five stars." class="responsivegriditem__aria-link-wrap">
		<div class="responsivegriditem-top " onclick="gtm_e_productClick(&#39;gtm-product-click-984624&#39;);">

			<div class="cat-feature clearfix">
				<div class="cat-feature-list clearfix">
   		<img src="./heb_lettuce_search_files/snipe-shh.jpg" title="HEART HEALTHY">
	    		<img src="./heb_lettuce_search_files/snipe-shsi.jpg" title="SELECT INGREDIENTS">
	    		</div></div>
			<div class="cat-list-img gtm-product ">

				<img data-src="https://images.heb.com/is/image/HEBGrocery/prd-small/h-e-b-baby-spinach-000984624.jpg" alt="" class="lazyload"><script type="application/ld+json">
{	
	"name": "H-E-B Baby Spinach", 
	"id": "984624", 
	"category": "Fruit & Vegetables/Vegetables/Lettuce & Leafy Greens",
	"brand": "H-E-B", 
	"variant": "each", 
	"price": 2.33,
	"list": "Search Results page",
	"position": "33",
	"dimension26": "true",
	"dimension40": "default"
}
</script>

</div>
			</div>
	
		<div class="responsivegriditem-middle ">
			<div class="responsivegriditem__title" onclick="gtm_e_productClick(&#39;gtm-product-click-984624&#39;);">
					<span class="responsivegriditem__title">
					H-E-B Baby Spinach, <span class="item-size">6 oz</span></span></div>
			<div class="responsivegriditem__rating-container">
				<div class="cat-star clearfix">
    <div class=""><img src="file:///C:/img/stars/smallstaron.png" alt=""></div>
			<div class=""><img src="file:///C:/img/stars/smallstaron.png" alt=""></div>
			<div class=""><img src="file:///C:/img/stars/smallstaron.png" alt=""></div>
			<div class=""><img src="file:///C:/img/stars/smallstaron.png" alt=""></div>
			<div class="last-star"><img src="file:///C:/img/stars/smallstaron_50.png" alt=""></div>
			<span>(2)</span>
   	</div></div>

			<div class="cat-price">
            <div class="responsivegriditem__price-label"></div>
                    <span class="cat-price-number">
                        $2.33 each</span>
                <span class="cat-sale-price-container">
                <span class="uomSalePrice">
                        ($0.39/oz)
                    </span>
                </span>
        </div><div class="cdp-moq">
				</div>
		</div>
	</a>
	<div class="responsivegriditem-bottom">
		<div class="cart-actions clearfix">
			<form id="form-984624" data-product-id="984624" data-is-hidden="false" data-is-disabled="false" data-is-ship-to-home="false" data-max-qty="99" data-remaining-stock="99" data-is-wine-moq-product="false" data-moq-val="1"><div class="quantity-picker">
			<input type="hidden" value="secondchoice">
					<input type="hidden" value="1" id="4122019753_984624_quantity" data-minstock="1">
				</div>
	<input type="hidden" id="4122019753_maxQty" value="99">
		<input type="hidden" id="4122019753_remainingStock" value="99">
		<input type="hidden" id="4122019753_productId" value="984624">
		<input type="hidden" name="isWineMOQProduct" value="false">
		<input type="hidden" id="4122019753_moqval" value="1">
			<bootstrap class="vue-instance-init">
			<add-to-bucket :product="{&quot;productAvailableAtContext&quot;:true,&quot;smallImageUrl&quot;:&quot;https://images.heb.com/is/image/HEBGrocery/prd-small/h-e-b-baby-spinach-000984624.jpg&quot;,&quot;isPrimoPick&quot;:false,&quot;isBestAvailable&quot;:false,&quot;isOnAd&quot;:false,&quot;defaultLevelOneCategory&quot;:&quot;{name=Fruit &amp; Vegetables, id=490020}&quot;,&quot;displayName&quot;:&quot;H-E-B Baby Spinach&quot;,&quot;thumbnailMediumImageUrl&quot;:&quot;https://images.heb.com/is/image/HEBGrocery/prd-thumbnail-medium/h-e-b-baby-spinach-000984624.jpg&quot;,&quot;showOnlineMarketingBug&quot;:false,&quot;pdpUrl&quot;:&quot;/product-detail/h-e-b-baby-spinach/984624&quot;,&quot;snipes&quot;:[{&quot;largeImageUrl&quot;:&quot;https://images.heb.com/is/image/HEBGrocery/snp-large/snipe-shh.jpg&quot;,&quot;name&quot;:&quot;HEART HEALTHY&quot;,&quot;description&quot;:&quot;Low in fat, sat. fat, &amp;amp; cholesterol; =600 mg sodium; 10% DV of at least 1: Vit. A, C, Calcium, Iron, Fiber or Protein per serving. While many factors affect heart disease, diets low in saturated fat and cholesterol may reduce the risk of this disease.&quot;,&quot;position&quot;:1,&quot;mediumImageUrl&quot;:&quot;https://images.heb.com/is/image/HEBGrocery/snp-medium/snipe-shh.jpg&quot;},{&quot;largeImageUrl&quot;:&quot;https://images.heb.com/is/image/HEBGrocery/snp-large/snipe-shsi.jpg&quot;,&quot;name&quot;:&quot;SELECT INGREDIENTS&quot;,&quot;description&quot;:&quot;With H-E-B® select ingredients, you will enjoy foods with carefully chosen ingredients. We never use high fructose corn syrup or hundreds of other synthetic ingredients that may be used in processed foods. For a complete list of ingredients not allowed in H-E-B® select ingredients and a list of additional products to add to your shopping list visit heb.com/select&quot;,&quot;position&quot;:1,&quot;mediumImageUrl&quot;:&quot;https://images.heb.com/is/image/HEBGrocery/snp-medium/snipe-shsi.jpg&quot;}],&quot;defaultBreadCrumb&quot;:[{&quot;displayName&quot;:&quot;Shop&quot;},{&quot;displayName&quot;:&quot;Fruit &amp;amp; Vegetables&quot;},{&quot;displayName&quot;:&quot;Vegetables&quot;},{&quot;displayName&quot;:&quot;Lettuce &amp;amp; Leafy Greens&quot;}],&quot;mediumImageUrl&quot;:&quot;https://images.heb.com/is/image/HEBGrocery/prd-medium/h-e-b-baby-spinach-000984624.jpg&quot;,&quot;defaultSku&quot;:{&quot;unitWeight&quot;:0.42,&quot;priceInfo&quot;:{&quot;salePrice&quot;:{&quot;unit&quot;:&quot;each&quot;,&quot;formatted&quot;:&quot;$2.33&quot;,&quot;listPriceAmountRounded&quot;:2.33},&quot;priceType&quot;:&quot;EACH&quot;,&quot;listPrice&quot;:{&quot;unit&quot;:&quot;each&quot;,&quot;formatted&quot;:&quot;$2.33&quot;,&quot;listPriceAmountRounded&quot;:2.33}},&quot;thumbnailImageUrl&quot;:&quot;https://images.heb.com/is/image/HEBGrocery/prd-thumbnail/h-e-b-baby-spinach-000984624.jpg&quot;,&quot;couponIds&quot;:[],&quot;availableCouponIds&quot;:[],&quot;unitOfMeasure&quot;:&quot;oz&quot;,&quot;displayName&quot;:&quot;HEB BABY SPINACH&quot;,&quot;onSale&quot;:false,&quot;sceneSevenImage&quot;:&quot;000984624&quot;,&quot;weightSelectionIncrements&quot;:[],&quot;customerFriendlySize&quot;:&quot;6 oz&quot;,&quot;id&quot;:&quot;4122019753&quot;,&quot;customerPurchaseChoice&quot;:&quot;EACH&quot;},&quot;minimumOrderQuantityProduct&quot;:false,&quot;minimumOrderQuantity&quot;:1,&quot;maximumOrderQuantity&quot;:99,&quot;thumbnailImageUrl&quot;:&quot;https://images.heb.com/is/image/HEBGrocery/prd-thumbnail/h-e-b-baby-spinach-000984624.jpg&quot;,&quot;pricedByWeight&quot;:false,&quot;formattedSalePrice&quot;:&quot;$2.33 each&quot;,&quot;addToCartAllowed&quot;:true,&quot;randomWeight&quot;:false,&quot;addToCartDisabled&quot;:false,&quot;onSale&quot;:false,&quot;id&quot;:&quot;984624&quot;,&quot;brand&quot;:&quot;H-E-B&quot;,&quot;ownBrand&quot;:true,&quot;fulfillmentChannel&quot;:5005,&quot;storeAssortment&quot;:{&quot;marketingBugKey&quot;:&quot;&quot;,&quot;marketingBugDescription&quot;:&quot;&quot;,&quot;smallImageMarketingBugUrl&quot;:&quot;&quot;}}" bucket="cart" size="normal" listname="Search Results page" button-type="nonspa"></add-to-bucket>
		</bootstrap>
		<button data-action-requires-cookies="" class="cart-add-list btn btn-list btn-full-width mar-bot-0" title="Add to list" onclick="javascript:displayDropdown(this); return false;">Add to list</button>
							<!-- TODO Get this functionality for the vue version -->
							<div class="atl-container product-record" style="display: none;">
								<div class="atl-container-triangle"></div>
								<ul class="shoppingListSelector">
									<li>
											
											<a onclick="javascript:addToListFromPDP(&#39;984624&#39;, &#39;4122019753&#39;, &#39;gl9476736530&#39;); return false;" href="file:///C:/Users/Christopher/flask-tutorial/heb_lettuce_search.html#" data-shoppinglistid="gl9476736530">My List</a></li>
									</ul>
							</div>
						</form></div>
	</div>

	<script type="application/ld+json" id="gtm-product-click-984624">
{	
	"event": "e_productClick",
	"ecommerce": {
		"click": {
			"actionField": { "list": "Search Results page" },
			"products": [{ 
				"name": "H-E-B Baby Spinach", 
				"id": "984624", 
				"category": "Fruit & Vegetables/Vegetables/Lettuce & Leafy Greens", 
				"brand": "H-E-B", 
				"variant": "each",
				"price": 2.33,
				"position": 33, 
				"dimension26": "true",
				"dimension40": "default"
			}]
		}
	}
}
</script>

<script type="application/json" id="gtm-add-to-list-product-984624">
	
	[{
		"event": "e_addToList",
		"ecommerce": {
			"add": {
				"actionField": {"list": "Search Results page"},
				"products": [{	
					"name": "H-E-B Baby Spinach", 
					"id": "984624", 
					"category": "Fruit & Vegetables",
					"brand": "H-E-B", 
					"variant": "each", 
					"price": 2.33,
					"quantity": 1, 
					"dimension26": "true"
				}]
			}
		}
	}
	
	,{
		"event": "e_productClick",
		"ecommerce": {
			"click": {
				"actionField": {"list": "Search Results page"},
				"products": [{ 
					"name": "H-E-B Baby Spinach", 
					"id": "984624", 
					"category": "Fruit & Vegetables",
					"brand": "H-E-B", 
					"variant": "each", 
					"price": 2.33,
					"position": 33,
					"dimension25": "product add to list",
					"dimension26": "true",
					"dimension40": "default"
				}]
			}
		}
	}
	
	]
	</script>

<input type="hidden" class="one-to-one-product" value="false"></li><li class="responsivegriditem product-grid-large-fifth product-grid-small-6" role="group">
		<a id="product-1119798" href="file:///C:/product-detail/h-e-b-spinach/1119798" aria-label="H-E-B Spinach,
		9 oz,
		$1.42 each. Features:  HEART HEALTHY.  SELECT INGREDIENTS." class="responsivegriditem__aria-link-wrap">
		<div class="responsivegriditem-top " onclick="gtm_e_productClick(&#39;gtm-product-click-1119798&#39;);">

			<div class="cat-feature clearfix">
				<div class="cat-feature-list clearfix">
   		<img src="./heb_lettuce_search_files/snipe-shh.jpg" title="HEART HEALTHY">
	    		<img src="./heb_lettuce_search_files/snipe-shsi.jpg" title="SELECT INGREDIENTS">
	    		</div></div>
			<div class="cat-list-img gtm-product ">

				<img data-src="https://images.heb.com/is/image/HEBGrocery/prd-small/h-e-b-spinach-001119798.jpg" alt="" class="lazyload"><script type="application/ld+json">
{	
	"name": "H-E-B Spinach", 
	"id": "1119798", 
	"category": "Fruit & Vegetables/Vegetables/Lettuce & Leafy Greens",
	"brand": "H-E-B", 
	"variant": "each", 
	"price": 1.42,
	"list": "Search Results page",
	"position": "34",
	"dimension26": "true",
	"dimension40": "default"
}
</script>

</div>
			</div>
	
		<div class="responsivegriditem-middle ">
			<div class="responsivegriditem__title" onclick="gtm_e_productClick(&#39;gtm-product-click-1119798&#39;);">
					<span class="responsivegriditem__title">
					H-E-B Spinach, <span class="item-size">9 oz</span></span></div>
			<div class="responsivegriditem__rating-container">
				<div class="cat-star clearfix">
    <div class=""><img src="file:///C:/img/stars/smallstaroff.png" alt=""></div>
			<div class=""><img src="file:///C:/img/stars/smallstaroff.png" alt=""></div>
			<div class=""><img src="file:///C:/img/stars/smallstaroff.png" alt=""></div>
			<div class=""><img src="file:///C:/img/stars/smallstaroff.png" alt=""></div>
			<div class="last-star"><img src="file:///C:/img/stars/smallstaroff.png" alt=""></div>
			</div></div>

			<div class="cat-price">
            <div class="responsivegriditem__price-label"></div>
                    <span class="cat-price-number">
                        $1.42 each</span>
                <span class="cat-sale-price-container">
                <span class="uomSalePrice">
                        ($0.16/oz)
                    </span>
                </span>
        </div><div class="cdp-moq">
				</div>
		</div>
	</a>
	<div class="responsivegriditem-bottom">
		<div class="cart-actions clearfix">
			<form id="form-1119798" data-product-id="1119798" data-is-hidden="false" data-is-disabled="false" data-is-ship-to-home="false" data-max-qty="99" data-remaining-stock="99" data-is-wine-moq-product="false" data-moq-val="1"><div class="quantity-picker">
			<input type="hidden" value="secondchoice">
					<input type="hidden" value="1" id="4122029833_1119798_quantity" data-minstock="1">
				</div>
	<input type="hidden" id="4122029833_maxQty" value="99">
		<input type="hidden" id="4122029833_remainingStock" value="99">
		<input type="hidden" id="4122029833_productId" value="1119798">
		<input type="hidden" name="isWineMOQProduct" value="false">
		<input type="hidden" id="4122029833_moqval" value="1">
			<bootstrap class="vue-instance-init">
			<add-to-bucket :product="{&quot;productAvailableAtContext&quot;:true,&quot;smallImageUrl&quot;:&quot;https://images.heb.com/is/image/HEBGrocery/prd-small/h-e-b-spinach-001119798.jpg&quot;,&quot;isPrimoPick&quot;:false,&quot;isBestAvailable&quot;:false,&quot;isOnAd&quot;:false,&quot;defaultLevelOneCategory&quot;:&quot;{name=Fruit &amp; Vegetables, id=490020}&quot;,&quot;displayName&quot;:&quot;H-E-B Spinach&quot;,&quot;thumbnailMediumImageUrl&quot;:&quot;https://images.heb.com/is/image/HEBGrocery/prd-thumbnail-medium/h-e-b-spinach-001119798.jpg&quot;,&quot;showOnlineMarketingBug&quot;:false,&quot;pdpUrl&quot;:&quot;/product-detail/h-e-b-spinach/1119798&quot;,&quot;snipes&quot;:[{&quot;largeImageUrl&quot;:&quot;https://images.heb.com/is/image/HEBGrocery/snp-large/snipe-shh.jpg&quot;,&quot;name&quot;:&quot;HEART HEALTHY&quot;,&quot;description&quot;:&quot;Low in fat, sat. fat, &amp;amp; cholesterol; =600 mg sodium; 10% DV of at least 1: Vit. A, C, Calcium, Iron, Fiber or Protein per serving. While many factors affect heart disease, diets low in saturated fat and cholesterol may reduce the risk of this disease.&quot;,&quot;position&quot;:1,&quot;mediumImageUrl&quot;:&quot;https://images.heb.com/is/image/HEBGrocery/snp-medium/snipe-shh.jpg&quot;},{&quot;largeImageUrl&quot;:&quot;https://images.heb.com/is/image/HEBGrocery/snp-large/snipe-shsi.jpg&quot;,&quot;name&quot;:&quot;SELECT INGREDIENTS&quot;,&quot;description&quot;:&quot;With H-E-B® select ingredients, you will enjoy foods with carefully chosen ingredients. We never use high fructose corn syrup or hundreds of other synthetic ingredients that may be used in processed foods. For a complete list of ingredients not allowed in H-E-B® select ingredients and a list of additional products to add to your shopping list visit heb.com/select&quot;,&quot;position&quot;:1,&quot;mediumImageUrl&quot;:&quot;https://images.heb.com/is/image/HEBGrocery/snp-medium/snipe-shsi.jpg&quot;}],&quot;defaultBreadCrumb&quot;:[{&quot;displayName&quot;:&quot;Shop&quot;},{&quot;displayName&quot;:&quot;Fruit &amp;amp; Vegetables&quot;},{&quot;displayName&quot;:&quot;Vegetables&quot;},{&quot;displayName&quot;:&quot;Lettuce &amp;amp; Leafy Greens&quot;}],&quot;mediumImageUrl&quot;:&quot;https://images.heb.com/is/image/HEBGrocery/prd-medium/h-e-b-spinach-001119798.jpg&quot;,&quot;defaultSku&quot;:{&quot;unitWeight&quot;:0.595,&quot;priceInfo&quot;:{&quot;salePrice&quot;:{&quot;unit&quot;:&quot;each&quot;,&quot;formatted&quot;:&quot;$1.42&quot;,&quot;listPriceAmountRounded&quot;:1.42},&quot;priceType&quot;:&quot;EACH&quot;,&quot;listPrice&quot;:{&quot;unit&quot;:&quot;each&quot;,&quot;formatted&quot;:&quot;$1.42&quot;,&quot;listPriceAmountRounded&quot;:1.42}},&quot;thumbnailImageUrl&quot;:&quot;https://images.heb.com/is/image/HEBGrocery/prd-thumbnail/h-e-b-spinach-001119798.jpg&quot;,&quot;couponIds&quot;:[],&quot;availableCouponIds&quot;:[],&quot;unitOfMeasure&quot;:&quot;oz&quot;,&quot;displayName&quot;:&quot;HEB SPINACH&quot;,&quot;onSale&quot;:false,&quot;sceneSevenImage&quot;:&quot;001119798&quot;,&quot;weightSelectionIncrements&quot;:[],&quot;customerFriendlySize&quot;:&quot;9 oz&quot;,&quot;id&quot;:&quot;4122029833&quot;,&quot;customerPurchaseChoice&quot;:&quot;EACH&quot;},&quot;minimumOrderQuantityProduct&quot;:false,&quot;minimumOrderQuantity&quot;:1,&quot;maximumOrderQuantity&quot;:99,&quot;thumbnailImageUrl&quot;:&quot;https://images.heb.com/is/image/HEBGrocery/prd-thumbnail/h-e-b-spinach-001119798.jpg&quot;,&quot;pricedByWeight&quot;:false,&quot;formattedSalePrice&quot;:&quot;$1.42 each&quot;,&quot;addToCartAllowed&quot;:true,&quot;randomWeight&quot;:false,&quot;addToCartDisabled&quot;:false,&quot;onSale&quot;:false,&quot;id&quot;:&quot;1119798&quot;,&quot;brand&quot;:&quot;H-E-B&quot;,&quot;ownBrand&quot;:true,&quot;fulfillmentChannel&quot;:5005,&quot;storeAssortment&quot;:{&quot;marketingBugKey&quot;:&quot;&quot;,&quot;marketingBugDescription&quot;:&quot;&quot;,&quot;smallImageMarketingBugUrl&quot;:&quot;&quot;}}" bucket="cart" size="normal" listname="Search Results page" button-type="nonspa"></add-to-bucket>
		</bootstrap>
		<button data-action-requires-cookies="" class="cart-add-list btn btn-list btn-full-width mar-bot-0" title="Add to list" onclick="javascript:displayDropdown(this); return false;">Add to list</button>
							<!-- TODO Get this functionality for the vue version -->
							<div class="atl-container product-record" style="display: none;">
								<div class="atl-container-triangle"></div>
								<ul class="shoppingListSelector">
									<li>
											
											<a onclick="javascript:addToListFromPDP(&#39;1119798&#39;, &#39;4122029833&#39;, &#39;gl9476736530&#39;); return false;" href="file:///C:/Users/Christopher/flask-tutorial/heb_lettuce_search.html#" data-shoppinglistid="gl9476736530">My List</a></li>
									</ul>
							</div>
						</form></div>
	</div>

	<script type="application/ld+json" id="gtm-product-click-1119798">
{	
	"event": "e_productClick",
	"ecommerce": {
		"click": {
			"actionField": { "list": "Search Results page" },
			"products": [{ 
				"name": "H-E-B Spinach", 
				"id": "1119798", 
				"category": "Fruit & Vegetables/Vegetables/Lettuce & Leafy Greens", 
				"brand": "H-E-B", 
				"variant": "each",
				"price": 1.42,
				"position": 34, 
				"dimension26": "true",
				"dimension40": "default"
			}]
		}
	}
}
</script>

<script type="application/json" id="gtm-add-to-list-product-1119798">
	
	[{
		"event": "e_addToList",
		"ecommerce": {
			"add": {
				"actionField": {"list": "Search Results page"},
				"products": [{	
					"name": "H-E-B Spinach", 
					"id": "1119798", 
					"category": "Fruit & Vegetables",
					"brand": "H-E-B", 
					"variant": "each", 
					"price": 1.42,
					"quantity": 1, 
					"dimension26": "true"
				}]
			}
		}
	}
	
	,{
		"event": "e_productClick",
		"ecommerce": {
			"click": {
				"actionField": {"list": "Search Results page"},
				"products": [{ 
					"name": "H-E-B Spinach", 
					"id": "1119798", 
					"category": "Fruit & Vegetables",
					"brand": "H-E-B", 
					"variant": "each", 
					"price": 1.42,
					"position": 34,
					"dimension25": "product add to list",
					"dimension26": "true",
					"dimension40": "default"
				}]
			}
		}
	}
	
	]
	</script>

<input type="hidden" class="one-to-one-product" value="false"></li><li class="responsivegriditem product-grid-large-fifth product-grid-small-6" role="group">
		<a id="product-900947" href="file:///C:/product-detail/h-e-b-organics-baby-spring-mix/900947" aria-label="H-E-B Organics Baby Spring Mix,
		16 oz,
		$3.89 each. Features:  ORGANIC.  HEART HEALTHY. Primo Pick. Rated 5 out of five stars." class="responsivegriditem__aria-link-wrap">
		<div class="responsivegriditem-top " onclick="gtm_e_productClick(&#39;gtm-product-click-900947&#39;);">

			<div class="cat-feature clearfix">
				<img data-src="https://images.heb.com/is/image/HEBGrocery/mkt-small/marketingbug-primopck.jpg" alt="Primo Pick" class="lazyload product-card__flag product-card__flag--product-card__flag--marketing-bug">
					<div class="cat-feature-list clearfix">
   		<img src="./heb_lettuce_search_files/snipe-so95.jpg" title="ORGANIC">
	    		<img src="./heb_lettuce_search_files/snipe-shh.jpg" title="HEART HEALTHY">
	    		</div></div>
			<div class="cat-list-img gtm-product ">

				<img data-src="https://images.heb.com/is/image/HEBGrocery/prd-small/h-e-b-organics-baby-spring-mix-000900947.jpg" alt="" class="lazyload"><script type="application/ld+json">
{	
	"name": "H-E-B Organics Baby Spring Mix", 
	"id": "900947", 
	"category": "Fruit & Vegetables/Vegetables/Lettuce & Leafy Greens",
	"brand": "H-E-B", 
	"variant": "each", 
	"price": 3.89,
	"list": "Search Results page",
	"position": "35",
	"dimension26": "true",
	"dimension40": "default"
}
</script>

</div>
			</div>
	
		<div class="responsivegriditem-middle ">
			<div class="responsivegriditem__title" onclick="gtm_e_productClick(&#39;gtm-product-click-900947&#39;);">
					<span class="responsivegriditem__title">
					H-E-B Organics Baby Spring Mix, <span class="item-size">16 oz</span></span></div>
			<div class="responsivegriditem__rating-container">
				<div class="cat-star clearfix">
    <div class=""><img src="file:///C:/img/stars/smallstaron.png" alt=""></div>
			<div class=""><img src="file:///C:/img/stars/smallstaron.png" alt=""></div>
			<div class=""><img src="file:///C:/img/stars/smallstaron.png" alt=""></div>
			<div class=""><img src="file:///C:/img/stars/smallstaron.png" alt=""></div>
			<div class="last-star"><img src="file:///C:/img/stars/smallstaron.png" alt=""></div>
			<span>(1)</span>
   	</div></div>

			<div class="cat-price">
            <div class="responsivegriditem__price-label"></div>
                    <span class="cat-price-number">
                        $3.89 each</span>
                <span class="cat-sale-price-container">
                <span class="uomSalePrice">
                        ($0.25/oz)
                    </span>
                </span>
        </div><div class="cdp-moq">
				</div>
		</div>
	</a>
	<div class="responsivegriditem-bottom">
		<div class="cart-actions clearfix">
			<form id="form-900947" data-product-id="900947" data-is-hidden="false" data-is-disabled="false" data-is-ship-to-home="false" data-max-qty="99" data-remaining-stock="99" data-is-wine-moq-product="false" data-moq-val="1"><div class="quantity-picker">
			<input type="hidden" value="secondchoice">
					<input type="hidden" value="1" id="4122018533_900947_quantity" data-minstock="1">
				</div>
	<input type="hidden" id="4122018533_maxQty" value="99">
		<input type="hidden" id="4122018533_remainingStock" value="99">
		<input type="hidden" id="4122018533_productId" value="900947">
		<input type="hidden" name="isWineMOQProduct" value="false">
		<input type="hidden" id="4122018533_moqval" value="1">
			<bootstrap class="vue-instance-init">
			<add-to-bucket :product="{&quot;productAvailableAtContext&quot;:true,&quot;smallImageUrl&quot;:&quot;https://images.heb.com/is/image/HEBGrocery/prd-small/h-e-b-organics-baby-spring-mix-000900947.jpg&quot;,&quot;isPrimoPick&quot;:true,&quot;isBestAvailable&quot;:false,&quot;isOnAd&quot;:false,&quot;defaultLevelOneCategory&quot;:&quot;{name=Fruit &amp; Vegetables, id=490020}&quot;,&quot;displayName&quot;:&quot;H-E-B Organics Baby Spring Mix&quot;,&quot;thumbnailMediumImageUrl&quot;:&quot;https://images.heb.com/is/image/HEBGrocery/prd-thumbnail-medium/h-e-b-organics-baby-spring-mix-000900947.jpg&quot;,&quot;showOnlineMarketingBug&quot;:true,&quot;pdpUrl&quot;:&quot;/product-detail/h-e-b-organics-baby-spring-mix/900947&quot;,&quot;snipes&quot;:[{&quot;largeImageUrl&quot;:&quot;https://images.heb.com/is/image/HEBGrocery/snp-large/snipe-so95.jpg&quot;,&quot;name&quot;:&quot;ORGANIC&quot;,&quot;description&quot;:&quot;At least 95% organic and meets USDA standards which prohibits the use of GMOs.&quot;,&quot;position&quot;:1,&quot;mediumImageUrl&quot;:&quot;https://images.heb.com/is/image/HEBGrocery/snp-medium/snipe-so95.jpg&quot;},{&quot;largeImageUrl&quot;:&quot;https://images.heb.com/is/image/HEBGrocery/snp-large/snipe-shh.jpg&quot;,&quot;name&quot;:&quot;HEART HEALTHY&quot;,&quot;description&quot;:&quot;Low in fat, sat. fat, &amp;amp; cholesterol; =600 mg sodium; 10% DV of at least 1: Vit. A, C, Calcium, Iron, Fiber or Protein per serving. While many factors affect heart disease, diets low in saturated fat and cholesterol may reduce the risk of this disease.&quot;,&quot;position&quot;:1,&quot;mediumImageUrl&quot;:&quot;https://images.heb.com/is/image/HEBGrocery/snp-medium/snipe-shh.jpg&quot;}],&quot;defaultBreadCrumb&quot;:[{&quot;displayName&quot;:&quot;Shop&quot;},{&quot;displayName&quot;:&quot;Fruit &amp;amp; Vegetables&quot;},{&quot;displayName&quot;:&quot;Vegetables&quot;},{&quot;displayName&quot;:&quot;Lettuce &amp;amp; Leafy Greens&quot;}],&quot;mediumImageUrl&quot;:&quot;https://images.heb.com/is/image/HEBGrocery/prd-medium/h-e-b-organics-baby-spring-mix-000900947.jpg&quot;,&quot;defaultSku&quot;:{&quot;unitWeight&quot;:1.25,&quot;priceInfo&quot;:{&quot;salePrice&quot;:{&quot;unit&quot;:&quot;each&quot;,&quot;formatted&quot;:&quot;$3.89&quot;,&quot;listPriceAmountRounded&quot;:3.89},&quot;priceType&quot;:&quot;EACH&quot;,&quot;listPrice&quot;:{&quot;unit&quot;:&quot;each&quot;,&quot;formatted&quot;:&quot;$3.89&quot;,&quot;listPriceAmountRounded&quot;:3.89}},&quot;thumbnailImageUrl&quot;:&quot;https://images.heb.com/is/image/HEBGrocery/prd-thumbnail/h-e-b-organics-baby-spring-mix-000900947.jpg&quot;,&quot;couponIds&quot;:[],&quot;availableCouponIds&quot;:[],&quot;unitOfMeasure&quot;:&quot;oz&quot;,&quot;displayName&quot;:&quot;Organics Baby Spring Mix&quot;,&quot;onSale&quot;:false,&quot;sceneSevenImage&quot;:&quot;000900947&quot;,&quot;weightSelectionIncrements&quot;:[],&quot;customerFriendlySize&quot;:&quot;16 oz&quot;,&quot;id&quot;:&quot;4122018533&quot;,&quot;customerPurchaseChoice&quot;:&quot;EACH&quot;},&quot;minimumOrderQuantityProduct&quot;:false,&quot;minimumOrderQuantity&quot;:1,&quot;maximumOrderQuantity&quot;:99,&quot;thumbnailImageUrl&quot;:&quot;https://images.heb.com/is/image/HEBGrocery/prd-thumbnail/h-e-b-organics-baby-spring-mix-000900947.jpg&quot;,&quot;pricedByWeight&quot;:false,&quot;formattedSalePrice&quot;:&quot;$3.89 each&quot;,&quot;addToCartAllowed&quot;:true,&quot;randomWeight&quot;:false,&quot;addToCartDisabled&quot;:false,&quot;onSale&quot;:false,&quot;id&quot;:&quot;900947&quot;,&quot;brand&quot;:&quot;H-E-B&quot;,&quot;ownBrand&quot;:true,&quot;fulfillmentChannel&quot;:5005,&quot;storeAssortment&quot;:{&quot;marketingBugKey&quot;:&quot;PRIMOPCK&quot;,&quot;marketingBugDescription&quot;:&quot;Primo Pick&quot;,&quot;smallImageMarketingBugUrl&quot;:&quot;https://images.heb.com/is/image/HEBGrocery/mkt-small/marketingbug-primopck.jpg&quot;}}" bucket="cart" size="normal" listname="Search Results page" button-type="nonspa"></add-to-bucket>
		</bootstrap>
		<button data-action-requires-cookies="" class="cart-add-list btn btn-list btn-full-width mar-bot-0" title="Add to list" onclick="javascript:displayDropdown(this); return false;">Add to list</button>
							<!-- TODO Get this functionality for the vue version -->
							<div class="atl-container product-record" style="display: none;">
								<div class="atl-container-triangle"></div>
								<ul class="shoppingListSelector">
									<li>
											
											<a onclick="javascript:addToListFromPDP(&#39;900947&#39;, &#39;4122018533&#39;, &#39;gl9476736530&#39;); return false;" href="file:///C:/Users/Christopher/flask-tutorial/heb_lettuce_search.html#" data-shoppinglistid="gl9476736530">My List</a></li>
									</ul>
							</div>
						</form></div>
	</div>

	<script type="application/ld+json" id="gtm-product-click-900947">
{	
	"event": "e_productClick",
	"ecommerce": {
		"click": {
			"actionField": { "list": "Search Results page" },
			"products": [{ 
				"name": "H-E-B Organics Baby Spring Mix", 
				"id": "900947", 
				"category": "Fruit & Vegetables/Vegetables/Lettuce & Leafy Greens", 
				"brand": "H-E-B", 
				"variant": "each",
				"price": 3.89,
				"position": 35, 
				"dimension26": "true",
				"dimension40": "default"
			}]
		}
	}
}
</script>

<script type="application/json" id="gtm-add-to-list-product-900947">
	
	[{
		"event": "e_addToList",
		"ecommerce": {
			"add": {
				"actionField": {"list": "Search Results page"},
				"products": [{	
					"name": "H-E-B Organics Baby Spring Mix", 
					"id": "900947", 
					"category": "Fruit & Vegetables",
					"brand": "H-E-B", 
					"variant": "each", 
					"price": 3.89,
					"quantity": 1, 
					"dimension26": "true"
				}]
			}
		}
	}
	
	,{
		"event": "e_productClick",
		"ecommerce": {
			"click": {
				"actionField": {"list": "Search Results page"},
				"products": [{ 
					"name": "H-E-B Organics Baby Spring Mix", 
					"id": "900947", 
					"category": "Fruit & Vegetables",
					"brand": "H-E-B", 
					"variant": "each", 
					"price": 3.89,
					"position": 35,
					"dimension25": "product add to list",
					"dimension26": "true",
					"dimension40": "default"
				}]
			}
		}
	}
	
	]
	</script>

<input type="hidden" class="one-to-one-product" value="false"></li><li class="responsivegriditem product-grid-large-fifth product-grid-small-6" role="group">
		<a id="product-1709399" href="file:///C:/product-detail/h-e-b-organics-baby-spinach/1709399" aria-label="H-E-B Organics Baby Spinach,
		5 oz,
		$2.04 each. Features:  ORGANIC.  HEART HEALTHY." class="responsivegriditem__aria-link-wrap">
		<div class="responsivegriditem-top " onclick="gtm_e_productClick(&#39;gtm-product-click-1709399&#39;);">

			<div class="cat-feature clearfix">
				<div class="cat-feature-list clearfix">
   		<img src="./heb_lettuce_search_files/snipe-so95.jpg" title="ORGANIC">
	    		<img src="./heb_lettuce_search_files/snipe-shh.jpg" title="HEART HEALTHY">
	    		</div></div>
			<div class="cat-list-img gtm-product ">

				<img data-src="https://images.heb.com/is/image/HEBGrocery/prd-small/h-e-b-organics-baby-spinach-001709399.jpg" alt="" class="lazyload"><script type="application/ld+json">
{	
	"name": "H-E-B Organics Baby Spinach", 
	"id": "1709399", 
	"category": "Fruit & Vegetables/Vegetables/Lettuce & Leafy Greens",
	"brand": "H-E-B", 
	"variant": "each", 
	"price": 2.04,
	"list": "Search Results page",
	"position": "36",
	"dimension26": "true",
	"dimension40": "default"
}
</script>

</div>
			</div>
	
		<div class="responsivegriditem-middle ">
			<div class="responsivegriditem__title" onclick="gtm_e_productClick(&#39;gtm-product-click-1709399&#39;);">
					<span class="responsivegriditem__title">
					H-E-B Organics Baby Spinach, <span class="item-size">5 oz</span></span></div>
			<div class="responsivegriditem__rating-container">
				<div class="cat-star clearfix">
    <div class=""><img src="file:///C:/img/stars/smallstaroff.png" alt=""></div>
			<div class=""><img src="file:///C:/img/stars/smallstaroff.png" alt=""></div>
			<div class=""><img src="file:///C:/img/stars/smallstaroff.png" alt=""></div>
			<div class=""><img src="file:///C:/img/stars/smallstaroff.png" alt=""></div>
			<div class="last-star"><img src="file:///C:/img/stars/smallstaroff.png" alt=""></div>
			</div></div>

			<div class="cat-price">
            <div class="responsivegriditem__price-label"></div>
                    <span class="cat-price-number">
                        $2.04 each</span>
                <span class="cat-sale-price-container">
                <span class="uomSalePrice">
                        ($0.41/oz)
                    </span>
                </span>
        </div><div class="cdp-moq">
				</div>
		</div>
	</a>
	<div class="responsivegriditem-bottom">
		<div class="cart-actions clearfix">
			<form id="form-1709399" data-product-id="1709399" data-is-hidden="false" data-is-disabled="false" data-is-ship-to-home="false" data-max-qty="99" data-remaining-stock="99" data-is-wine-moq-product="false" data-moq-val="1"><div class="quantity-picker">
			<input type="hidden" value="secondchoice">
					<input type="hidden" value="1" id="4122096816_1709399_quantity" data-minstock="1">
				</div>
	<input type="hidden" id="4122096816_maxQty" value="99">
		<input type="hidden" id="4122096816_remainingStock" value="99">
		<input type="hidden" id="4122096816_productId" value="1709399">
		<input type="hidden" name="isWineMOQProduct" value="false">
		<input type="hidden" id="4122096816_moqval" value="1">
			<bootstrap class="vue-instance-init">
			<add-to-bucket :product="{&quot;productAvailableAtContext&quot;:true,&quot;smallImageUrl&quot;:&quot;https://images.heb.com/is/image/HEBGrocery/prd-small/h-e-b-organics-baby-spinach-001709399.jpg&quot;,&quot;isPrimoPick&quot;:false,&quot;isBestAvailable&quot;:false,&quot;isOnAd&quot;:false,&quot;defaultLevelOneCategory&quot;:&quot;{name=Fruit &amp; Vegetables, id=490020}&quot;,&quot;displayName&quot;:&quot;H-E-B Organics Baby Spinach&quot;,&quot;thumbnailMediumImageUrl&quot;:&quot;https://images.heb.com/is/image/HEBGrocery/prd-thumbnail-medium/h-e-b-organics-baby-spinach-001709399.jpg&quot;,&quot;showOnlineMarketingBug&quot;:false,&quot;pdpUrl&quot;:&quot;/product-detail/h-e-b-organics-baby-spinach/1709399&quot;,&quot;snipes&quot;:[{&quot;largeImageUrl&quot;:&quot;https://images.heb.com/is/image/HEBGrocery/snp-large/snipe-so95.jpg&quot;,&quot;name&quot;:&quot;ORGANIC&quot;,&quot;description&quot;:&quot;At least 95% organic and meets USDA standards which prohibits the use of GMOs.&quot;,&quot;position&quot;:1,&quot;mediumImageUrl&quot;:&quot;https://images.heb.com/is/image/HEBGrocery/snp-medium/snipe-so95.jpg&quot;},{&quot;largeImageUrl&quot;:&quot;https://images.heb.com/is/image/HEBGrocery/snp-large/snipe-shh.jpg&quot;,&quot;name&quot;:&quot;HEART HEALTHY&quot;,&quot;description&quot;:&quot;Low in fat, sat. fat, &amp;amp; cholesterol; =600 mg sodium; 10% DV of at least 1: Vit. A, C, Calcium, Iron, Fiber or Protein per serving. While many factors affect heart disease, diets low in saturated fat and cholesterol may reduce the risk of this disease.&quot;,&quot;position&quot;:1,&quot;mediumImageUrl&quot;:&quot;https://images.heb.com/is/image/HEBGrocery/snp-medium/snipe-shh.jpg&quot;}],&quot;defaultBreadCrumb&quot;:[{&quot;displayName&quot;:&quot;Shop&quot;},{&quot;displayName&quot;:&quot;Fruit &amp;amp; Vegetables&quot;},{&quot;displayName&quot;:&quot;Vegetables&quot;},{&quot;displayName&quot;:&quot;Lettuce &amp;amp; Leafy Greens&quot;}],&quot;mediumImageUrl&quot;:&quot;https://images.heb.com/is/image/HEBGrocery/prd-medium/h-e-b-organics-baby-spinach-001709399.jpg&quot;,&quot;defaultSku&quot;:{&quot;unitWeight&quot;:0.395,&quot;priceInfo&quot;:{&quot;salePrice&quot;:{&quot;unit&quot;:&quot;each&quot;,&quot;formatted&quot;:&quot;$2.04&quot;,&quot;listPriceAmountRounded&quot;:2.04},&quot;priceType&quot;:&quot;EACH&quot;,&quot;listPrice&quot;:{&quot;unit&quot;:&quot;each&quot;,&quot;formatted&quot;:&quot;$2.04&quot;,&quot;listPriceAmountRounded&quot;:2.04}},&quot;thumbnailImageUrl&quot;:&quot;https://images.heb.com/is/image/HEBGrocery/prd-thumbnail/h-e-b-organics-baby-spinach-001709399.jpg&quot;,&quot;couponIds&quot;:[],&quot;availableCouponIds&quot;:[],&quot;unitOfMeasure&quot;:&quot;oz&quot;,&quot;displayName&quot;:&quot;Organics Baby Spinach&quot;,&quot;onSale&quot;:false,&quot;sceneSevenImage&quot;:&quot;001709399&quot;,&quot;weightSelectionIncrements&quot;:[],&quot;customerFriendlySize&quot;:&quot;5 oz&quot;,&quot;id&quot;:&quot;4122096816&quot;,&quot;customerPurchaseChoice&quot;:&quot;EACH&quot;},&quot;minimumOrderQuantityProduct&quot;:false,&quot;minimumOrderQuantity&quot;:1,&quot;maximumOrderQuantity&quot;:99,&quot;thumbnailImageUrl&quot;:&quot;https://images.heb.com/is/image/HEBGrocery/prd-thumbnail/h-e-b-organics-baby-spinach-001709399.jpg&quot;,&quot;pricedByWeight&quot;:false,&quot;formattedSalePrice&quot;:&quot;$2.04 each&quot;,&quot;addToCartAllowed&quot;:true,&quot;randomWeight&quot;:false,&quot;addToCartDisabled&quot;:false,&quot;onSale&quot;:false,&quot;id&quot;:&quot;1709399&quot;,&quot;brand&quot;:&quot;H-E-B&quot;,&quot;ownBrand&quot;:true,&quot;fulfillmentChannel&quot;:5005,&quot;storeAssortment&quot;:{&quot;marketingBugKey&quot;:&quot;&quot;,&quot;marketingBugDescription&quot;:&quot;&quot;,&quot;smallImageMarketingBugUrl&quot;:&quot;&quot;}}" bucket="cart" size="normal" listname="Search Results page" button-type="nonspa"></add-to-bucket>
		</bootstrap>
		<button data-action-requires-cookies="" class="cart-add-list btn btn-list btn-full-width mar-bot-0" title="Add to list" onclick="javascript:displayDropdown(this); return false;">Add to list</button>
							<!-- TODO Get this functionality for the vue version -->
							<div class="atl-container product-record" style="display: none;">
								<div class="atl-container-triangle"></div>
								<ul class="shoppingListSelector">
									<li>
											
											<a onclick="javascript:addToListFromPDP(&#39;1709399&#39;, &#39;4122096816&#39;, &#39;gl9476736530&#39;); return false;" href="file:///C:/Users/Christopher/flask-tutorial/heb_lettuce_search.html#" data-shoppinglistid="gl9476736530">My List</a></li>
									</ul>
							</div>
						</form></div>
	</div>

	<script type="application/ld+json" id="gtm-product-click-1709399">
{	
	"event": "e_productClick",
	"ecommerce": {
		"click": {
			"actionField": { "list": "Search Results page" },
			"products": [{ 
				"name": "H-E-B Organics Baby Spinach", 
				"id": "1709399", 
				"category": "Fruit & Vegetables/Vegetables/Lettuce & Leafy Greens", 
				"brand": "H-E-B", 
				"variant": "each",
				"price": 2.04,
				"position": 36, 
				"dimension26": "true",
				"dimension40": "default"
			}]
		}
	}
}
</script>

<script type="application/json" id="gtm-add-to-list-product-1709399">
	
	[{
		"event": "e_addToList",
		"ecommerce": {
			"add": {
				"actionField": {"list": "Search Results page"},
				"products": [{	
					"name": "H-E-B Organics Baby Spinach", 
					"id": "1709399", 
					"category": "Fruit & Vegetables",
					"brand": "H-E-B", 
					"variant": "each", 
					"price": 2.04,
					"quantity": 1, 
					"dimension26": "true"
				}]
			}
		}
	}
	
	,{
		"event": "e_productClick",
		"ecommerce": {
			"click": {
				"actionField": {"list": "Search Results page"},
				"products": [{ 
					"name": "H-E-B Organics Baby Spinach", 
					"id": "1709399", 
					"category": "Fruit & Vegetables",
					"brand": "H-E-B", 
					"variant": "each", 
					"price": 2.04,
					"position": 36,
					"dimension25": "product add to list",
					"dimension26": "true",
					"dimension40": "default"
				}]
			}
		}
	}
	
	]
	</script>

<input type="hidden" class="one-to-one-product" value="false"></li><li class="responsivegriditem product-grid-large-fifth product-grid-small-6" role="group">
		<a id="product-1454530" href="file:///C:/product-detail/h-e-b-select-ingredients-nbsp-baby-spinach/1454530" aria-label="H-E-B Select Ingredients Baby Spinach,
		10 oz,
		$3.25 each. Features:  HEART HEALTHY.  SELECT INGREDIENTS." class="responsivegriditem__aria-link-wrap">
		<div class="responsivegriditem-top " onclick="gtm_e_productClick(&#39;gtm-product-click-1454530&#39;);">

			<div class="cat-feature clearfix">
				<div class="cat-feature-list clearfix">
   		<img src="./heb_lettuce_search_files/snipe-shh.jpg" title="HEART HEALTHY">
	    		<img src="./heb_lettuce_search_files/snipe-shsi.jpg" title="SELECT INGREDIENTS">
	    		</div></div>
			<div class="cat-list-img gtm-product ">

				<img data-src="https://images.heb.com/is/image/HEBGrocery/prd-small/h-e-b-select-ingredients-nbsp-baby-spinach-001454530.jpg" alt="" class="lazyload"><script type="application/ld+json">
{	
	"name": "H-E-B Select Ingredients&nbsp;Baby Spinach", 
	"id": "1454530", 
	"category": "Fruit & Vegetables/Vegetables/Lettuce & Leafy Greens",
	"brand": "H-E-B", 
	"variant": "each", 
	"price": 3.25,
	"list": "Search Results page",
	"position": "37",
	"dimension26": "true",
	"dimension40": "default"
}
</script>

</div>
			</div>
	
		<div class="responsivegriditem-middle ">
			<div class="responsivegriditem__title" onclick="gtm_e_productClick(&#39;gtm-product-click-1454530&#39;);">
					<span class="responsivegriditem__title">
					H-E-B Select Ingredients&nbsp;Baby Spinach, <span class="item-size">10 oz</span></span></div>
			<div class="responsivegriditem__rating-container">
				<div class="cat-star clearfix">
    <div class=""><img src="file:///C:/img/stars/smallstaroff.png" alt=""></div>
			<div class=""><img src="file:///C:/img/stars/smallstaroff.png" alt=""></div>
			<div class=""><img src="file:///C:/img/stars/smallstaroff.png" alt=""></div>
			<div class=""><img src="file:///C:/img/stars/smallstaroff.png" alt=""></div>
			<div class="last-star"><img src="file:///C:/img/stars/smallstaroff.png" alt=""></div>
			</div></div>

			<div class="cat-price">
            <div class="responsivegriditem__price-label"></div>
                    <span class="cat-price-number">
                        $3.25 each</span>
                <span class="cat-sale-price-container">
                <span class="uomSalePrice">
                        ($0.33/oz)
                    </span>
                </span>
        </div><div class="cdp-moq">
				</div>
		</div>
	</a>
	<div class="responsivegriditem-bottom">
		<div class="cart-actions clearfix">
			<form id="form-1454530" data-product-id="1454530" data-is-hidden="false" data-is-disabled="false" data-is-ship-to-home="false" data-max-qty="99" data-remaining-stock="99" data-is-wine-moq-product="false" data-moq-val="1"><div class="quantity-picker">
			<input type="hidden" value="secondchoice">
					<input type="hidden" value="1" id="4122086114_1454530_quantity" data-minstock="1">
				</div>
	<input type="hidden" id="4122086114_maxQty" value="99">
		<input type="hidden" id="4122086114_remainingStock" value="99">
		<input type="hidden" id="4122086114_productId" value="1454530">
		<input type="hidden" name="isWineMOQProduct" value="false">
		<input type="hidden" id="4122086114_moqval" value="1">
			<bootstrap class="vue-instance-init">
			<add-to-bucket :product="{&quot;productAvailableAtContext&quot;:true,&quot;smallImageUrl&quot;:&quot;https://images.heb.com/is/image/HEBGrocery/prd-small/h-e-b-select-ingredients-nbsp-baby-spinach-001454530.jpg&quot;,&quot;isPrimoPick&quot;:false,&quot;isBestAvailable&quot;:false,&quot;isOnAd&quot;:false,&quot;defaultLevelOneCategory&quot;:&quot;{name=Fruit &amp; Vegetables, id=490020}&quot;,&quot;displayName&quot;:&quot;H-E-B Select Ingredients&amp;amp;nbsp;Baby Spinach&quot;,&quot;thumbnailMediumImageUrl&quot;:&quot;https://images.heb.com/is/image/HEBGrocery/prd-thumbnail-medium/h-e-b-select-ingredients-nbsp-baby-spinach-001454530.jpg&quot;,&quot;showOnlineMarketingBug&quot;:false,&quot;pdpUrl&quot;:&quot;/product-detail/h-e-b-select-ingredients-nbsp-baby-spinach/1454530&quot;,&quot;snipes&quot;:[{&quot;largeImageUrl&quot;:&quot;https://images.heb.com/is/image/HEBGrocery/snp-large/snipe-shh.jpg&quot;,&quot;name&quot;:&quot;HEART HEALTHY&quot;,&quot;description&quot;:&quot;Low in fat, sat. fat, &amp;amp; cholesterol; =600 mg sodium; 10% DV of at least 1: Vit. A, C, Calcium, Iron, Fiber or Protein per serving. While many factors affect heart disease, diets low in saturated fat and cholesterol may reduce the risk of this disease.&quot;,&quot;position&quot;:1,&quot;mediumImageUrl&quot;:&quot;https://images.heb.com/is/image/HEBGrocery/snp-medium/snipe-shh.jpg&quot;},{&quot;largeImageUrl&quot;:&quot;https://images.heb.com/is/image/HEBGrocery/snp-large/snipe-shsi.jpg&quot;,&quot;name&quot;:&quot;SELECT INGREDIENTS&quot;,&quot;description&quot;:&quot;With H-E-B® select ingredients, you will enjoy foods with carefully chosen ingredients. We never use high fructose corn syrup or hundreds of other synthetic ingredients that may be used in processed foods. For a complete list of ingredients not allowed in H-E-B® select ingredients and a list of additional products to add to your shopping list visit heb.com/select&quot;,&quot;position&quot;:1,&quot;mediumImageUrl&quot;:&quot;https://images.heb.com/is/image/HEBGrocery/snp-medium/snipe-shsi.jpg&quot;}],&quot;defaultBreadCrumb&quot;:[{&quot;displayName&quot;:&quot;Shop&quot;},{&quot;displayName&quot;:&quot;Fruit &amp;amp; Vegetables&quot;},{&quot;displayName&quot;:&quot;Vegetables&quot;},{&quot;displayName&quot;:&quot;Lettuce &amp;amp; Leafy Greens&quot;}],&quot;mediumImageUrl&quot;:&quot;https://images.heb.com/is/image/HEBGrocery/prd-medium/h-e-b-select-ingredients-nbsp-baby-spinach-001454530.jpg&quot;,&quot;defaultSku&quot;:{&quot;unitWeight&quot;:0.885,&quot;priceInfo&quot;:{&quot;salePrice&quot;:{&quot;unit&quot;:&quot;each&quot;,&quot;formatted&quot;:&quot;$3.25&quot;,&quot;listPriceAmountRounded&quot;:3.25},&quot;priceType&quot;:&quot;EACH&quot;,&quot;listPrice&quot;:{&quot;unit&quot;:&quot;each&quot;,&quot;formatted&quot;:&quot;$3.25&quot;,&quot;listPriceAmountRounded&quot;:3.25}},&quot;thumbnailImageUrl&quot;:&quot;https://images.heb.com/is/image/HEBGrocery/prd-thumbnail/h-e-b-select-ingredients-nbsp-baby-spinach-001454530.jpg&quot;,&quot;couponIds&quot;:[],&quot;availableCouponIds&quot;:[],&quot;unitOfMeasure&quot;:&quot;oz&quot;,&quot;displayName&quot;:&quot;Select Ingredients&amp;amp;nbsp;Baby Spinach&quot;,&quot;onSale&quot;:false,&quot;sceneSevenImage&quot;:&quot;001454530&quot;,&quot;weightSelectionIncrements&quot;:[],&quot;customerFriendlySize&quot;:&quot;10 oz&quot;,&quot;id&quot;:&quot;4122086114&quot;,&quot;customerPurchaseChoice&quot;:&quot;EACH&quot;},&quot;minimumOrderQuantityProduct&quot;:false,&quot;minimumOrderQuantity&quot;:1,&quot;maximumOrderQuantity&quot;:99,&quot;thumbnailImageUrl&quot;:&quot;https://images.heb.com/is/image/HEBGrocery/prd-thumbnail/h-e-b-select-ingredients-nbsp-baby-spinach-001454530.jpg&quot;,&quot;pricedByWeight&quot;:false,&quot;formattedSalePrice&quot;:&quot;$3.25 each&quot;,&quot;addToCartAllowed&quot;:true,&quot;randomWeight&quot;:false,&quot;addToCartDisabled&quot;:false,&quot;onSale&quot;:false,&quot;id&quot;:&quot;1454530&quot;,&quot;brand&quot;:&quot;H-E-B&quot;,&quot;ownBrand&quot;:true,&quot;fulfillmentChannel&quot;:5005,&quot;storeAssortment&quot;:{&quot;marketingBugKey&quot;:&quot;&quot;,&quot;marketingBugDescription&quot;:&quot;&quot;,&quot;smallImageMarketingBugUrl&quot;:&quot;&quot;}}" bucket="cart" size="normal" listname="Search Results page" button-type="nonspa"></add-to-bucket>
		</bootstrap>
		<button data-action-requires-cookies="" class="cart-add-list btn btn-list btn-full-width mar-bot-0" title="Add to list" onclick="javascript:displayDropdown(this); return false;">Add to list</button>
							<!-- TODO Get this functionality for the vue version -->
							<div class="atl-container product-record" style="display: none;">
								<div class="atl-container-triangle"></div>
								<ul class="shoppingListSelector">
									<li>
											
											<a onclick="javascript:addToListFromPDP(&#39;1454530&#39;, &#39;4122086114&#39;, &#39;gl9476736530&#39;); return false;" href="file:///C:/Users/Christopher/flask-tutorial/heb_lettuce_search.html#" data-shoppinglistid="gl9476736530">My List</a></li>
									</ul>
							</div>
						</form></div>
	</div>

	<script type="application/ld+json" id="gtm-product-click-1454530">
{	
	"event": "e_productClick",
	"ecommerce": {
		"click": {
			"actionField": { "list": "Search Results page" },
			"products": [{ 
				"name": "H-E-B Select Ingredients&nbsp;Baby Spinach", 
				"id": "1454530", 
				"category": "Fruit & Vegetables/Vegetables/Lettuce & Leafy Greens", 
				"brand": "H-E-B", 
				"variant": "each",
				"price": 3.25,
				"position": 37, 
				"dimension26": "true",
				"dimension40": "default"
			}]
		}
	}
}
</script>

<script type="application/json" id="gtm-add-to-list-product-1454530">
	
	[{
		"event": "e_addToList",
		"ecommerce": {
			"add": {
				"actionField": {"list": "Search Results page"},
				"products": [{	
					"name": "H-E-B Select Ingredients&nbsp;Baby Spinach", 
					"id": "1454530", 
					"category": "Fruit & Vegetables",
					"brand": "H-E-B", 
					"variant": "each", 
					"price": 3.25,
					"quantity": 1, 
					"dimension26": "true"
				}]
			}
		}
	}
	
	,{
		"event": "e_productClick",
		"ecommerce": {
			"click": {
				"actionField": {"list": "Search Results page"},
				"products": [{ 
					"name": "H-E-B Select Ingredients&nbsp;Baby Spinach", 
					"id": "1454530", 
					"category": "Fruit & Vegetables",
					"brand": "H-E-B", 
					"variant": "each", 
					"price": 3.25,
					"position": 37,
					"dimension25": "product add to list",
					"dimension26": "true",
					"dimension40": "default"
				}]
			}
		}
	}
	
	]
	</script>

<input type="hidden" class="one-to-one-product" value="false"></li><li class="responsivegriditem product-grid-large-fifth product-grid-small-6" role="group">
		<a id="product-374796" href="file:///C:/product-detail/fresh-kale-greens/374796" aria-label="Fresh Kale Greens,
		Each,
		$0.91 each. Features:  GO LOCAL. Primo Pick." class="responsivegriditem__aria-link-wrap">
		<div class="responsivegriditem-top " onclick="gtm_e_productClick(&#39;gtm-product-click-374796&#39;);">

			<div class="cat-feature clearfix">
				<img data-src="https://images.heb.com/is/image/HEBGrocery/mkt-small/marketingbug-primopck.jpg" alt="Primo Pick" class="lazyload product-card__flag product-card__flag--product-card__flag--marketing-bug">
					<div class="cat-feature-list clearfix">
   		<img src="./heb_lettuce_search_files/snipe-sgolocal.jpg" title="GO LOCAL">
	    		</div></div>
			<div class="cat-list-img gtm-product ">

				<img data-src="https://images.heb.com/is/image/HEBGrocery/prd-small/fresh-kale-greens-000374796.jpg" alt="" class="lazyload"><script type="application/ld+json">
{	
	"name": "Fresh Kale Greens", 
	"id": "374796", 
	"category": "Fruit & Vegetables/Vegetables/Lettuce & Leafy Greens",
	"brand": "Fresh", 
	"variant": "each", 
	"price": 0.91,
	"list": "Search Results page",
	"position": "38",
	"dimension26": "false",
	"dimension40": "default"
}
</script>

</div>
			</div>
	
		<div class="responsivegriditem-middle ">
			<div class="responsivegriditem__title" onclick="gtm_e_productClick(&#39;gtm-product-click-374796&#39;);">
					<span class="responsivegriditem__title">
					Fresh Kale Greens, <span class="item-size">Each</span></span></div>
			<div class="responsivegriditem__rating-container">
				<div class="cat-star clearfix">
    <div class=""><img src="file:///C:/img/stars/smallstaroff.png" alt=""></div>
			<div class=""><img src="file:///C:/img/stars/smallstaroff.png" alt=""></div>
			<div class=""><img src="file:///C:/img/stars/smallstaroff.png" alt=""></div>
			<div class=""><img src="file:///C:/img/stars/smallstaroff.png" alt=""></div>
			<div class="last-star"><img src="file:///C:/img/stars/smallstaroff.png" alt=""></div>
			</div></div>

			<div class="cat-price">
            <div class="responsivegriditem__price-label"></div>
                    <span class="cat-price-number">
                        $0.91 each</span>
                <span class="cat-sale-price-container">
                </span>
        </div><div class="cdp-moq">
				</div>
		</div>
	</a>
	<div class="responsivegriditem-bottom">
		<div class="cart-actions clearfix">
			<form id="form-374796" data-product-id="374796" data-is-hidden="false" data-is-disabled="false" data-is-ship-to-home="false" data-max-qty="99" data-remaining-stock="99" data-is-wine-moq-product="false" data-moq-val="1"><div class="quantity-picker">
			<input type="hidden" value="secondchoice">
					<input type="hidden" value="1" id="4627_374796_quantity" data-minstock="1">
				</div>
	<input type="hidden" id="4627_maxQty" value="99">
		<input type="hidden" id="4627_remainingStock" value="99">
		<input type="hidden" id="4627_productId" value="374796">
		<input type="hidden" name="isWineMOQProduct" value="false">
		<input type="hidden" id="4627_moqval" value="1">
			<bootstrap class="vue-instance-init">
			<add-to-bucket :product="{&quot;productAvailableAtContext&quot;:true,&quot;smallImageUrl&quot;:&quot;https://images.heb.com/is/image/HEBGrocery/prd-small/fresh-kale-greens-000374796.jpg&quot;,&quot;isPrimoPick&quot;:true,&quot;isBestAvailable&quot;:false,&quot;isOnAd&quot;:false,&quot;defaultLevelOneCategory&quot;:&quot;{name=Fruit &amp; Vegetables, id=490020}&quot;,&quot;displayName&quot;:&quot;Fresh Kale Greens&quot;,&quot;thumbnailMediumImageUrl&quot;:&quot;https://images.heb.com/is/image/HEBGrocery/prd-thumbnail-medium/fresh-kale-greens-000374796.jpg&quot;,&quot;showOnlineMarketingBug&quot;:true,&quot;pdpUrl&quot;:&quot;/product-detail/fresh-kale-greens/374796&quot;,&quot;snipes&quot;:[{&quot;largeImageUrl&quot;:&quot;https://images.heb.com/is/image/HEBGrocery/snp-large/snipe-sgolocal.jpg&quot;,&quot;name&quot;:&quot;GO LOCAL&quot;,&quot;description&quot;:&quot;H-E-B partners with local growers and manufacturers to bring you the freshest products from right here in Texas, from domestic and imported ingredients.&quot;,&quot;position&quot;:1,&quot;mediumImageUrl&quot;:&quot;https://images.heb.com/is/image/HEBGrocery/snp-medium/snipe-sgolocal.jpg&quot;}],&quot;defaultBreadCrumb&quot;:[{&quot;displayName&quot;:&quot;Shop&quot;},{&quot;displayName&quot;:&quot;Fruit &amp;amp; Vegetables&quot;},{&quot;displayName&quot;:&quot;Vegetables&quot;},{&quot;displayName&quot;:&quot;Lettuce &amp;amp; Leafy Greens&quot;}],&quot;mediumImageUrl&quot;:&quot;https://images.heb.com/is/image/HEBGrocery/prd-medium/fresh-kale-greens-000374796.jpg&quot;,&quot;defaultSku&quot;:{&quot;unitWeight&quot;:1.47,&quot;priceInfo&quot;:{&quot;salePrice&quot;:{&quot;unit&quot;:&quot;each&quot;,&quot;formatted&quot;:&quot;$0.91&quot;,&quot;listPriceAmountRounded&quot;:0.91},&quot;priceType&quot;:&quot;EACH&quot;,&quot;listPrice&quot;:{&quot;unit&quot;:&quot;each&quot;,&quot;formatted&quot;:&quot;$0.91&quot;,&quot;listPriceAmountRounded&quot;:0.91}},&quot;thumbnailImageUrl&quot;:&quot;https://images.heb.com/is/image/HEBGrocery/prd-thumbnail/fresh-kale-greens-000374796.jpg&quot;,&quot;couponIds&quot;:[],&quot;availableCouponIds&quot;:[],&quot;unitOfMeasure&quot;:&quot;EACH&quot;,&quot;displayName&quot;:&quot;Kale Greens&quot;,&quot;onSale&quot;:false,&quot;sceneSevenImage&quot;:&quot;000374796&quot;,&quot;weightSelectionIncrements&quot;:[],&quot;customerFriendlySize&quot;:&quot;Each&quot;,&quot;id&quot;:&quot;4627&quot;,&quot;customerPurchaseChoice&quot;:&quot;EACH&quot;},&quot;minimumOrderQuantityProduct&quot;:false,&quot;minimumOrderQuantity&quot;:1,&quot;maximumOrderQuantity&quot;:99,&quot;thumbnailImageUrl&quot;:&quot;https://images.heb.com/is/image/HEBGrocery/prd-thumbnail/fresh-kale-greens-000374796.jpg&quot;,&quot;pricedByWeight&quot;:false,&quot;formattedSalePrice&quot;:&quot;$0.91 each&quot;,&quot;addToCartAllowed&quot;:true,&quot;randomWeight&quot;:false,&quot;addToCartDisabled&quot;:false,&quot;onSale&quot;:false,&quot;id&quot;:&quot;374796&quot;,&quot;brand&quot;:&quot;Fresh&quot;,&quot;ownBrand&quot;:false,&quot;fulfillmentChannel&quot;:5005,&quot;storeAssortment&quot;:{&quot;marketingBugKey&quot;:&quot;PRIMOPCK&quot;,&quot;marketingBugDescription&quot;:&quot;Primo Pick&quot;,&quot;smallImageMarketingBugUrl&quot;:&quot;https://images.heb.com/is/image/HEBGrocery/mkt-small/marketingbug-primopck.jpg&quot;}}" bucket="cart" size="normal" listname="Search Results page" button-type="nonspa"></add-to-bucket>
		</bootstrap>
		<button data-action-requires-cookies="" class="cart-add-list btn btn-list btn-full-width mar-bot-0" title="Add to list" onclick="javascript:displayDropdown(this); return false;">Add to list</button>
							<!-- TODO Get this functionality for the vue version -->
							<div class="atl-container product-record" style="display: none;">
								<div class="atl-container-triangle"></div>
								<ul class="shoppingListSelector">
									<li>
											
											<a onclick="javascript:addToListFromPDP(&#39;374796&#39;, &#39;4627&#39;, &#39;gl9476736530&#39;); return false;" href="file:///C:/Users/Christopher/flask-tutorial/heb_lettuce_search.html#" data-shoppinglistid="gl9476736530">My List</a></li>
									</ul>
							</div>
						</form></div>
	</div>

	<script type="application/ld+json" id="gtm-product-click-374796">
{	
	"event": "e_productClick",
	"ecommerce": {
		"click": {
			"actionField": { "list": "Search Results page" },
			"products": [{ 
				"name": "Fresh Kale Greens", 
				"id": "374796", 
				"category": "Fruit & Vegetables/Vegetables/Lettuce & Leafy Greens", 
				"brand": "Fresh", 
				"variant": "each",
				"price": 0.91,
				"position": 38, 
				"dimension26": "false",
				"dimension40": "default"
			}]
		}
	}
}
</script>

<script type="application/json" id="gtm-add-to-list-product-374796">
	
	[{
		"event": "e_addToList",
		"ecommerce": {
			"add": {
				"actionField": {"list": "Search Results page"},
				"products": [{	
					"name": "Fresh Kale Greens", 
					"id": "374796", 
					"category": "Fruit & Vegetables",
					"brand": "Fresh", 
					"variant": "each", 
					"price": 0.91,
					"quantity": 1, 
					"dimension26": "false"
				}]
			}
		}
	}
	
	,{
		"event": "e_productClick",
		"ecommerce": {
			"click": {
				"actionField": {"list": "Search Results page"},
				"products": [{ 
					"name": "Fresh Kale Greens", 
					"id": "374796", 
					"category": "Fruit & Vegetables",
					"brand": "Fresh", 
					"variant": "each", 
					"price": 0.91,
					"position": 38,
					"dimension25": "product add to list",
					"dimension26": "false",
					"dimension40": "default"
				}]
			}
		}
	}
	
	]
	</script>

<input type="hidden" class="one-to-one-product" value="false"></li><li class="responsivegriditem product-grid-large-fifth product-grid-small-6" role="group">
		<a id="product-319108" href="file:///C:/product-detail/fresh-bunched-spinach/319108" aria-label="Fresh Bunched Spinach,
		Each,
		$1.62 each. Features:  GO LOCAL." class="responsivegriditem__aria-link-wrap">
		<div class="responsivegriditem-top " onclick="gtm_e_productClick(&#39;gtm-product-click-319108&#39;);">

			<div class="cat-feature clearfix">
				<div class="cat-feature-list clearfix">
   		<img src="./heb_lettuce_search_files/snipe-sgolocal.jpg" title="GO LOCAL">
	    		</div></div>
			<div class="cat-list-img gtm-product ">

				<img data-src="https://images.heb.com/is/image/HEBGrocery/prd-small/fresh-bunched-spinach-000319108.jpg" alt="" class="lazyload"><script type="application/ld+json">
{	
	"name": "Fresh Bunched Spinach", 
	"id": "319108", 
	"category": "Fruit & Vegetables/Vegetables/Lettuce & Leafy Greens",
	"brand": "Fresh", 
	"variant": "each", 
	"price": 1.62,
	"list": "Search Results page",
	"position": "39",
	"dimension26": "false",
	"dimension40": "default"
}
</script>

</div>
			</div>
	
		<div class="responsivegriditem-middle ">
			<div class="responsivegriditem__title" onclick="gtm_e_productClick(&#39;gtm-product-click-319108&#39;);">
					<span class="responsivegriditem__title">
					Fresh Bunched Spinach, <span class="item-size">Each</span></span></div>
			<div class="responsivegriditem__rating-container">
				<div class="cat-star clearfix">
    <div class=""><img src="file:///C:/img/stars/smallstaroff.png" alt=""></div>
			<div class=""><img src="file:///C:/img/stars/smallstaroff.png" alt=""></div>
			<div class=""><img src="file:///C:/img/stars/smallstaroff.png" alt=""></div>
			<div class=""><img src="file:///C:/img/stars/smallstaroff.png" alt=""></div>
			<div class="last-star"><img src="file:///C:/img/stars/smallstaroff.png" alt=""></div>
			</div></div>

			<div class="cat-price">
            <div class="responsivegriditem__price-label"></div>
                    <span class="cat-price-number">
                        $1.62 each</span>
                <span class="cat-sale-price-container">
                </span>
        </div><div class="cdp-moq">
				</div>
		</div>
	</a>
	<div class="responsivegriditem-bottom">
		<div class="cart-actions clearfix">
			<form id="form-319108" data-product-id="319108" data-is-hidden="false" data-is-disabled="false" data-is-ship-to-home="false" data-max-qty="99" data-remaining-stock="99" data-is-wine-moq-product="false" data-moq-val="1"><div class="quantity-picker">
			<input type="hidden" value="secondchoice">
					<input type="hidden" value="1" id="4090_319108_quantity" data-minstock="1">
				</div>
	<input type="hidden" id="4090_maxQty" value="99">
		<input type="hidden" id="4090_remainingStock" value="99">
		<input type="hidden" id="4090_productId" value="319108">
		<input type="hidden" name="isWineMOQProduct" value="false">
		<input type="hidden" id="4090_moqval" value="1">
			<bootstrap class="vue-instance-init">
			<add-to-bucket :product="{&quot;productAvailableAtContext&quot;:true,&quot;smallImageUrl&quot;:&quot;https://images.heb.com/is/image/HEBGrocery/prd-small/fresh-bunched-spinach-000319108.jpg&quot;,&quot;isPrimoPick&quot;:false,&quot;isBestAvailable&quot;:false,&quot;isOnAd&quot;:false,&quot;defaultLevelOneCategory&quot;:&quot;{name=Fruit &amp; Vegetables, id=490020}&quot;,&quot;displayName&quot;:&quot;Fresh Bunched Spinach&quot;,&quot;thumbnailMediumImageUrl&quot;:&quot;https://images.heb.com/is/image/HEBGrocery/prd-thumbnail-medium/fresh-bunched-spinach-000319108.jpg&quot;,&quot;showOnlineMarketingBug&quot;:false,&quot;pdpUrl&quot;:&quot;/product-detail/fresh-bunched-spinach/319108&quot;,&quot;snipes&quot;:[{&quot;largeImageUrl&quot;:&quot;https://images.heb.com/is/image/HEBGrocery/snp-large/snipe-sgolocal.jpg&quot;,&quot;name&quot;:&quot;GO LOCAL&quot;,&quot;description&quot;:&quot;H-E-B partners with local growers and manufacturers to bring you the freshest products from right here in Texas, from domestic and imported ingredients.&quot;,&quot;position&quot;:1,&quot;mediumImageUrl&quot;:&quot;https://images.heb.com/is/image/HEBGrocery/snp-medium/snipe-sgolocal.jpg&quot;}],&quot;defaultBreadCrumb&quot;:[{&quot;displayName&quot;:&quot;Shop&quot;},{&quot;displayName&quot;:&quot;Fruit &amp;amp; Vegetables&quot;},{&quot;displayName&quot;:&quot;Vegetables&quot;},{&quot;displayName&quot;:&quot;Lettuce &amp;amp; Leafy Greens&quot;}],&quot;mediumImageUrl&quot;:&quot;https://images.heb.com/is/image/HEBGrocery/prd-medium/fresh-bunched-spinach-000319108.jpg&quot;,&quot;defaultSku&quot;:{&quot;unitWeight&quot;:0.705,&quot;priceInfo&quot;:{&quot;salePrice&quot;:{&quot;unit&quot;:&quot;each&quot;,&quot;formatted&quot;:&quot;$1.62&quot;,&quot;listPriceAmountRounded&quot;:1.62},&quot;priceType&quot;:&quot;EACH&quot;,&quot;listPrice&quot;:{&quot;unit&quot;:&quot;each&quot;,&quot;formatted&quot;:&quot;$1.62&quot;,&quot;listPriceAmountRounded&quot;:1.62}},&quot;thumbnailImageUrl&quot;:&quot;https://images.heb.com/is/image/HEBGrocery/prd-thumbnail/fresh-bunched-spinach-000319108.jpg&quot;,&quot;couponIds&quot;:[],&quot;availableCouponIds&quot;:[],&quot;unitOfMeasure&quot;:&quot;EACH&quot;,&quot;displayName&quot;:&quot;Bunched Spinach&quot;,&quot;onSale&quot;:false,&quot;sceneSevenImage&quot;:&quot;000319108&quot;,&quot;weightSelectionIncrements&quot;:[],&quot;customerFriendlySize&quot;:&quot;Each&quot;,&quot;id&quot;:&quot;4090&quot;,&quot;customerPurchaseChoice&quot;:&quot;EACH&quot;},&quot;minimumOrderQuantityProduct&quot;:false,&quot;minimumOrderQuantity&quot;:1,&quot;maximumOrderQuantity&quot;:99,&quot;thumbnailImageUrl&quot;:&quot;https://images.heb.com/is/image/HEBGrocery/prd-thumbnail/fresh-bunched-spinach-000319108.jpg&quot;,&quot;pricedByWeight&quot;:false,&quot;formattedSalePrice&quot;:&quot;$1.62 each&quot;,&quot;addToCartAllowed&quot;:true,&quot;randomWeight&quot;:false,&quot;addToCartDisabled&quot;:false,&quot;onSale&quot;:false,&quot;id&quot;:&quot;319108&quot;,&quot;brand&quot;:&quot;Fresh&quot;,&quot;ownBrand&quot;:false,&quot;fulfillmentChannel&quot;:5005,&quot;storeAssortment&quot;:{&quot;marketingBugKey&quot;:&quot;&quot;,&quot;marketingBugDescription&quot;:&quot;&quot;,&quot;smallImageMarketingBugUrl&quot;:&quot;&quot;}}" bucket="cart" size="normal" listname="Search Results page" button-type="nonspa"></add-to-bucket>
		</bootstrap>
		<button data-action-requires-cookies="" class="cart-add-list btn btn-list btn-full-width mar-bot-0" title="Add to list" onclick="javascript:displayDropdown(this); return false;">Add to list</button>
							<!-- TODO Get this functionality for the vue version -->
							<div class="atl-container product-record" style="display: none;">
								<div class="atl-container-triangle"></div>
								<ul class="shoppingListSelector">
									<li>
											
											<a onclick="javascript:addToListFromPDP(&#39;319108&#39;, &#39;4090&#39;, &#39;gl9476736530&#39;); return false;" href="file:///C:/Users/Christopher/flask-tutorial/heb_lettuce_search.html#" data-shoppinglistid="gl9476736530">My List</a></li>
									</ul>
							</div>
						</form></div>
	</div>

	<script type="application/ld+json" id="gtm-product-click-319108">
{	
	"event": "e_productClick",
	"ecommerce": {
		"click": {
			"actionField": { "list": "Search Results page" },
			"products": [{ 
				"name": "Fresh Bunched Spinach", 
				"id": "319108", 
				"category": "Fruit & Vegetables/Vegetables/Lettuce & Leafy Greens", 
				"brand": "Fresh", 
				"variant": "each",
				"price": 1.62,
				"position": 39, 
				"dimension26": "false",
				"dimension40": "default"
			}]
		}
	}
}
</script>

<script type="application/json" id="gtm-add-to-list-product-319108">
	
	[{
		"event": "e_addToList",
		"ecommerce": {
			"add": {
				"actionField": {"list": "Search Results page"},
				"products": [{	
					"name": "Fresh Bunched Spinach", 
					"id": "319108", 
					"category": "Fruit & Vegetables",
					"brand": "Fresh", 
					"variant": "each", 
					"price": 1.62,
					"quantity": 1, 
					"dimension26": "false"
				}]
			}
		}
	}
	
	,{
		"event": "e_productClick",
		"ecommerce": {
			"click": {
				"actionField": {"list": "Search Results page"},
				"products": [{ 
					"name": "Fresh Bunched Spinach", 
					"id": "319108", 
					"category": "Fruit & Vegetables",
					"brand": "Fresh", 
					"variant": "each", 
					"price": 1.62,
					"position": 39,
					"dimension25": "product add to list",
					"dimension26": "false",
					"dimension40": "default"
				}]
			}
		}
	}
	
	]
	</script>

<input type="hidden" class="one-to-one-product" value="false"></li><li class="responsivegriditem product-grid-large-fifth product-grid-small-6" role="group">
		<a id="product-984623" href="file:///C:/product-detail/h-e-b-select-ingredients-baby-spinach-spring-mix/984623" aria-label="H-E-B Select Ingredients Baby Spinach &amp; Spring Mix,
		6 oz,
		$2.76 each. Features:  HEART HEALTHY.  SELECT INGREDIENTS. Primo Pick." class="responsivegriditem__aria-link-wrap">
		<div class="responsivegriditem-top " onclick="gtm_e_productClick(&#39;gtm-product-click-984623&#39;);">

			<div class="cat-feature clearfix">
				<img data-src="https://images.heb.com/is/image/HEBGrocery/mkt-small/marketingbug-primopck.jpg" alt="Primo Pick" class="lazyload product-card__flag product-card__flag--product-card__flag--marketing-bug">
					<div class="cat-feature-list clearfix">
   		<img src="./heb_lettuce_search_files/snipe-shh.jpg" title="HEART HEALTHY">
	    		<img src="./heb_lettuce_search_files/snipe-shsi.jpg" title="SELECT INGREDIENTS">
	    		</div></div>
			<div class="cat-list-img gtm-product ">

				<img data-src="https://images.heb.com/is/image/HEBGrocery/prd-small/h-e-b-select-ingredients-baby-spinach-spring-mix-000984623.jpg" alt="" class="lazyload"><script type="application/ld+json">
{	
	"name": "H-E-B Select Ingredients Baby Spinach & Spring Mix", 
	"id": "984623", 
	"category": "Fruit & Vegetables/Vegetables/Lettuce & Leafy Greens",
	"brand": "H-E-B", 
	"variant": "each", 
	"price": 2.76,
	"list": "Search Results page",
	"position": "40",
	"dimension26": "true",
	"dimension40": "default"
}
</script>

</div>
			</div>
	
		<div class="responsivegriditem-middle ">
			<div class="responsivegriditem__title" onclick="gtm_e_productClick(&#39;gtm-product-click-984623&#39;);">
					<span class="responsivegriditem__title">
					H-E-B Select Ingredients Baby Spinach &amp; Spring Mix, <span class="item-size">6 oz</span></span></div>
			<div class="responsivegriditem__rating-container">
				<div class="cat-star clearfix">
    <div class=""><img src="file:///C:/img/stars/smallstaroff.png" alt=""></div>
			<div class=""><img src="file:///C:/img/stars/smallstaroff.png" alt=""></div>
			<div class=""><img src="file:///C:/img/stars/smallstaroff.png" alt=""></div>
			<div class=""><img src="file:///C:/img/stars/smallstaroff.png" alt=""></div>
			<div class="last-star"><img src="file:///C:/img/stars/smallstaroff.png" alt=""></div>
			</div></div>

			<div class="cat-price">
            <div class="responsivegriditem__price-label"></div>
                    <span class="cat-price-number">
                        $2.76 each</span>
                <span class="cat-sale-price-container">
                <span class="uomSalePrice">
                        ($0.46/oz)
                    </span>
                </span>
        </div><div class="cdp-moq">
				</div>
		</div>
	</a>
	<div class="responsivegriditem-bottom">
		<div class="cart-actions clearfix">
			<form id="form-984623" data-product-id="984623" data-is-hidden="false" data-is-disabled="false" data-is-ship-to-home="false" data-max-qty="99" data-remaining-stock="99" data-is-wine-moq-product="false" data-moq-val="1"><div class="quantity-picker">
			<input type="hidden" value="secondchoice">
					<input type="hidden" value="1" id="4122019754_984623_quantity" data-minstock="1">
				</div>
	<input type="hidden" id="4122019754_maxQty" value="99">
		<input type="hidden" id="4122019754_remainingStock" value="99">
		<input type="hidden" id="4122019754_productId" value="984623">
		<input type="hidden" name="isWineMOQProduct" value="false">
		<input type="hidden" id="4122019754_moqval" value="1">
			<bootstrap class="vue-instance-init">
			<add-to-bucket :product="{&quot;productAvailableAtContext&quot;:true,&quot;smallImageUrl&quot;:&quot;https://images.heb.com/is/image/HEBGrocery/prd-small/h-e-b-select-ingredients-baby-spinach-spring-mix-000984623.jpg&quot;,&quot;isPrimoPick&quot;:true,&quot;isBestAvailable&quot;:false,&quot;isOnAd&quot;:false,&quot;defaultLevelOneCategory&quot;:&quot;{name=Fruit &amp; Vegetables, id=490020}&quot;,&quot;displayName&quot;:&quot;H-E-B Select Ingredients Baby Spinach &amp;amp; Spring Mix&quot;,&quot;thumbnailMediumImageUrl&quot;:&quot;https://images.heb.com/is/image/HEBGrocery/prd-thumbnail-medium/h-e-b-select-ingredients-baby-spinach-spring-mix-000984623.jpg&quot;,&quot;showOnlineMarketingBug&quot;:true,&quot;pdpUrl&quot;:&quot;/product-detail/h-e-b-select-ingredients-baby-spinach-spring-mix/984623&quot;,&quot;snipes&quot;:[{&quot;largeImageUrl&quot;:&quot;https://images.heb.com/is/image/HEBGrocery/snp-large/snipe-shh.jpg&quot;,&quot;name&quot;:&quot;HEART HEALTHY&quot;,&quot;description&quot;:&quot;Low in fat, sat. fat, &amp;amp; cholesterol; =600 mg sodium; 10% DV of at least 1: Vit. A, C, Calcium, Iron, Fiber or Protein per serving. While many factors affect heart disease, diets low in saturated fat and cholesterol may reduce the risk of this disease.&quot;,&quot;position&quot;:1,&quot;mediumImageUrl&quot;:&quot;https://images.heb.com/is/image/HEBGrocery/snp-medium/snipe-shh.jpg&quot;},{&quot;largeImageUrl&quot;:&quot;https://images.heb.com/is/image/HEBGrocery/snp-large/snipe-shsi.jpg&quot;,&quot;name&quot;:&quot;SELECT INGREDIENTS&quot;,&quot;description&quot;:&quot;With H-E-B® select ingredients, you will enjoy foods with carefully chosen ingredients. We never use high fructose corn syrup or hundreds of other synthetic ingredients that may be used in processed foods. For a complete list of ingredients not allowed in H-E-B® select ingredients and a list of additional products to add to your shopping list visit heb.com/select&quot;,&quot;position&quot;:1,&quot;mediumImageUrl&quot;:&quot;https://images.heb.com/is/image/HEBGrocery/snp-medium/snipe-shsi.jpg&quot;}],&quot;defaultBreadCrumb&quot;:[{&quot;displayName&quot;:&quot;Shop&quot;},{&quot;displayName&quot;:&quot;Fruit &amp;amp; Vegetables&quot;},{&quot;displayName&quot;:&quot;Vegetables&quot;},{&quot;displayName&quot;:&quot;Lettuce &amp;amp; Leafy Greens&quot;}],&quot;mediumImageUrl&quot;:&quot;https://images.heb.com/is/image/HEBGrocery/prd-medium/h-e-b-select-ingredients-baby-spinach-spring-mix-000984623.jpg&quot;,&quot;defaultSku&quot;:{&quot;unitWeight&quot;:0.41,&quot;priceInfo&quot;:{&quot;salePrice&quot;:{&quot;unit&quot;:&quot;each&quot;,&quot;formatted&quot;:&quot;$2.76&quot;,&quot;listPriceAmountRounded&quot;:2.76},&quot;priceType&quot;:&quot;EACH&quot;,&quot;listPrice&quot;:{&quot;unit&quot;:&quot;each&quot;,&quot;formatted&quot;:&quot;$2.76&quot;,&quot;listPriceAmountRounded&quot;:2.76}},&quot;thumbnailImageUrl&quot;:&quot;https://images.heb.com/is/image/HEBGrocery/prd-thumbnail/h-e-b-select-ingredients-baby-spinach-spring-mix-000984623.jpg&quot;,&quot;couponIds&quot;:[],&quot;availableCouponIds&quot;:[],&quot;unitOfMeasure&quot;:&quot;oz&quot;,&quot;displayName&quot;:&quot;Select Ingredients Baby Spinach &amp;amp; Spring Mix&quot;,&quot;onSale&quot;:false,&quot;sceneSevenImage&quot;:&quot;000984623&quot;,&quot;weightSelectionIncrements&quot;:[],&quot;customerFriendlySize&quot;:&quot;6 oz&quot;,&quot;id&quot;:&quot;4122019754&quot;,&quot;customerPurchaseChoice&quot;:&quot;EACH&quot;},&quot;minimumOrderQuantityProduct&quot;:false,&quot;minimumOrderQuantity&quot;:1,&quot;maximumOrderQuantity&quot;:99,&quot;thumbnailImageUrl&quot;:&quot;https://images.heb.com/is/image/HEBGrocery/prd-thumbnail/h-e-b-select-ingredients-baby-spinach-spring-mix-000984623.jpg&quot;,&quot;pricedByWeight&quot;:false,&quot;formattedSalePrice&quot;:&quot;$2.76 each&quot;,&quot;addToCartAllowed&quot;:true,&quot;randomWeight&quot;:false,&quot;addToCartDisabled&quot;:false,&quot;onSale&quot;:false,&quot;id&quot;:&quot;984623&quot;,&quot;brand&quot;:&quot;H-E-B&quot;,&quot;ownBrand&quot;:true,&quot;fulfillmentChannel&quot;:5005,&quot;storeAssortment&quot;:{&quot;marketingBugKey&quot;:&quot;PRIMOPCK&quot;,&quot;marketingBugDescription&quot;:&quot;Primo Pick&quot;,&quot;smallImageMarketingBugUrl&quot;:&quot;https://images.heb.com/is/image/HEBGrocery/mkt-small/marketingbug-primopck.jpg&quot;}}" bucket="cart" size="normal" listname="Search Results page" button-type="nonspa"></add-to-bucket>
		</bootstrap>
		<button data-action-requires-cookies="" class="cart-add-list btn btn-list btn-full-width mar-bot-0" title="Add to list" onclick="javascript:displayDropdown(this); return false;">Add to list</button>
							<!-- TODO Get this functionality for the vue version -->
							<div class="atl-container product-record" style="display: none;">
								<div class="atl-container-triangle"></div>
								<ul class="shoppingListSelector">
									<li>
											
											<a onclick="javascript:addToListFromPDP(&#39;984623&#39;, &#39;4122019754&#39;, &#39;gl9476736530&#39;); return false;" href="file:///C:/Users/Christopher/flask-tutorial/heb_lettuce_search.html#" data-shoppinglistid="gl9476736530">My List</a></li>
									</ul>
							</div>
						</form></div>
	</div>

	<script type="application/ld+json" id="gtm-product-click-984623">
{	
	"event": "e_productClick",
	"ecommerce": {
		"click": {
			"actionField": { "list": "Search Results page" },
			"products": [{ 
				"name": "H-E-B Select Ingredients Baby Spinach & Spring Mix", 
				"id": "984623", 
				"category": "Fruit & Vegetables/Vegetables/Lettuce & Leafy Greens", 
				"brand": "H-E-B", 
				"variant": "each",
				"price": 2.76,
				"position": 40, 
				"dimension26": "true",
				"dimension40": "default"
			}]
		}
	}
}
</script>

<script type="application/json" id="gtm-add-to-list-product-984623">
	
	[{
		"event": "e_addToList",
		"ecommerce": {
			"add": {
				"actionField": {"list": "Search Results page"},
				"products": [{	
					"name": "H-E-B Select Ingredients Baby Spinach & Spring Mix", 
					"id": "984623", 
					"category": "Fruit & Vegetables",
					"brand": "H-E-B", 
					"variant": "each", 
					"price": 2.76,
					"quantity": 1, 
					"dimension26": "true"
				}]
			}
		}
	}
	
	,{
		"event": "e_productClick",
		"ecommerce": {
			"click": {
				"actionField": {"list": "Search Results page"},
				"products": [{ 
					"name": "H-E-B Select Ingredients Baby Spinach & Spring Mix", 
					"id": "984623", 
					"category": "Fruit & Vegetables",
					"brand": "H-E-B", 
					"variant": "each", 
					"price": 2.76,
					"position": 40,
					"dimension25": "product add to list",
					"dimension26": "true",
					"dimension40": "default"
				}]
			}
		}
	}
	
	]
	</script>

<input type="hidden" class="one-to-one-product" value="false"></li><li class="responsivegriditem product-grid-large-fifth product-grid-small-6" role="group">
		<a id="product-1738190" href="file:///C:/product-detail/h-e-b-kale-greens/1738190" aria-label="H-E-B Kale Greens,
		16 oz,
		$2.51 each. Features:  HEART HEALTHY." class="responsivegriditem__aria-link-wrap">
		<div class="responsivegriditem-top " onclick="gtm_e_productClick(&#39;gtm-product-click-1738190&#39;);">

			<div class="cat-feature clearfix">
				<div class="cat-feature-list clearfix">
   		<img src="./heb_lettuce_search_files/snipe-shh.jpg" title="HEART HEALTHY">
	    		</div></div>
			<div class="cat-list-img gtm-product ">

				<img data-src="https://images.heb.com/is/image/HEBGrocery/prd-small/h-e-b-kale-greens-001738190.jpg" alt="" class="lazyload"><script type="application/ld+json">
{	
	"name": "H-E-B Kale Greens", 
	"id": "1738190", 
	"category": "Fruit & Vegetables/Vegetables/Lettuce & Leafy Greens",
	"brand": "H-E-B", 
	"variant": "each", 
	"price": 2.51,
	"list": "Search Results page",
	"position": "41",
	"dimension26": "true",
	"dimension40": "default"
}
</script>

</div>
			</div>
	
		<div class="responsivegriditem-middle ">
			<div class="responsivegriditem__title" onclick="gtm_e_productClick(&#39;gtm-product-click-1738190&#39;);">
					<span class="responsivegriditem__title">
					H-E-B Kale Greens, <span class="item-size">16 oz</span></span></div>
			<div class="responsivegriditem__rating-container">
				<div class="cat-star clearfix">
    <div class=""><img src="file:///C:/img/stars/smallstaroff.png" alt=""></div>
			<div class=""><img src="file:///C:/img/stars/smallstaroff.png" alt=""></div>
			<div class=""><img src="file:///C:/img/stars/smallstaroff.png" alt=""></div>
			<div class=""><img src="file:///C:/img/stars/smallstaroff.png" alt=""></div>
			<div class="last-star"><img src="file:///C:/img/stars/smallstaroff.png" alt=""></div>
			</div></div>

			<div class="cat-price">
            <div class="responsivegriditem__price-label"></div>
                    <span class="cat-price-number">
                        $2.51 each</span>
                <span class="cat-sale-price-container">
                <span class="uomSalePrice">
                        ($0.16/oz)
                    </span>
                </span>
        </div><div class="cdp-moq">
				</div>
		</div>
	</a>
	<div class="responsivegriditem-bottom">
		<div class="cart-actions clearfix">
			<form id="form-1738190" data-product-id="1738190" data-is-hidden="false" data-is-disabled="false" data-is-ship-to-home="false" data-max-qty="99" data-remaining-stock="99" data-is-wine-moq-product="false" data-moq-val="1"><div class="quantity-picker">
			<input type="hidden" value="secondchoice">
					<input type="hidden" value="1" id="4122097938_1738190_quantity" data-minstock="1">
				</div>
	<input type="hidden" id="4122097938_maxQty" value="99">
		<input type="hidden" id="4122097938_remainingStock" value="99">
		<input type="hidden" id="4122097938_productId" value="1738190">
		<input type="hidden" name="isWineMOQProduct" value="false">
		<input type="hidden" id="4122097938_moqval" value="1">
			<bootstrap class="vue-instance-init">
			<add-to-bucket :product="{&quot;productAvailableAtContext&quot;:true,&quot;smallImageUrl&quot;:&quot;https://images.heb.com/is/image/HEBGrocery/prd-small/h-e-b-kale-greens-001738190.jpg&quot;,&quot;isPrimoPick&quot;:false,&quot;isBestAvailable&quot;:false,&quot;isOnAd&quot;:false,&quot;defaultLevelOneCategory&quot;:&quot;{name=Fruit &amp; Vegetables, id=490020}&quot;,&quot;displayName&quot;:&quot;H-E-B Kale Greens&quot;,&quot;thumbnailMediumImageUrl&quot;:&quot;https://images.heb.com/is/image/HEBGrocery/prd-thumbnail-medium/h-e-b-kale-greens-001738190.jpg&quot;,&quot;showOnlineMarketingBug&quot;:false,&quot;pdpUrl&quot;:&quot;/product-detail/h-e-b-kale-greens/1738190&quot;,&quot;snipes&quot;:[{&quot;largeImageUrl&quot;:&quot;https://images.heb.com/is/image/HEBGrocery/snp-large/snipe-shh.jpg&quot;,&quot;name&quot;:&quot;HEART HEALTHY&quot;,&quot;description&quot;:&quot;Low in fat, sat. fat, &amp;amp; cholesterol; =600 mg sodium; 10% DV of at least 1: Vit. A, C, Calcium, Iron, Fiber or Protein per serving. While many factors affect heart disease, diets low in saturated fat and cholesterol may reduce the risk of this disease.&quot;,&quot;position&quot;:1,&quot;mediumImageUrl&quot;:&quot;https://images.heb.com/is/image/HEBGrocery/snp-medium/snipe-shh.jpg&quot;}],&quot;defaultBreadCrumb&quot;:[{&quot;displayName&quot;:&quot;Shop&quot;},{&quot;displayName&quot;:&quot;Fruit &amp;amp; Vegetables&quot;},{&quot;displayName&quot;:&quot;Vegetables&quot;},{&quot;displayName&quot;:&quot;Lettuce &amp;amp; Leafy Greens&quot;}],&quot;mediumImageUrl&quot;:&quot;https://images.heb.com/is/image/HEBGrocery/prd-medium/h-e-b-kale-greens-001738190.jpg&quot;,&quot;defaultSku&quot;:{&quot;unitWeight&quot;:1.025,&quot;priceInfo&quot;:{&quot;salePrice&quot;:{&quot;unit&quot;:&quot;each&quot;,&quot;formatted&quot;:&quot;$2.51&quot;,&quot;listPriceAmountRounded&quot;:2.51},&quot;priceType&quot;:&quot;EACH&quot;,&quot;listPrice&quot;:{&quot;unit&quot;:&quot;each&quot;,&quot;formatted&quot;:&quot;$2.51&quot;,&quot;listPriceAmountRounded&quot;:2.51}},&quot;thumbnailImageUrl&quot;:&quot;https://images.heb.com/is/image/HEBGrocery/prd-thumbnail/h-e-b-kale-greens-001738190.jpg&quot;,&quot;couponIds&quot;:[],&quot;availableCouponIds&quot;:[],&quot;unitOfMeasure&quot;:&quot;oz&quot;,&quot;displayName&quot;:&quot;Kale Greens&quot;,&quot;onSale&quot;:false,&quot;sceneSevenImage&quot;:&quot;001738190&quot;,&quot;weightSelectionIncrements&quot;:[],&quot;customerFriendlySize&quot;:&quot;16 oz&quot;,&quot;id&quot;:&quot;4122097938&quot;,&quot;customerPurchaseChoice&quot;:&quot;EACH&quot;},&quot;minimumOrderQuantityProduct&quot;:false,&quot;minimumOrderQuantity&quot;:1,&quot;maximumOrderQuantity&quot;:99,&quot;thumbnailImageUrl&quot;:&quot;https://images.heb.com/is/image/HEBGrocery/prd-thumbnail/h-e-b-kale-greens-001738190.jpg&quot;,&quot;pricedByWeight&quot;:false,&quot;formattedSalePrice&quot;:&quot;$2.51 each&quot;,&quot;addToCartAllowed&quot;:true,&quot;randomWeight&quot;:false,&quot;addToCartDisabled&quot;:false,&quot;onSale&quot;:false,&quot;id&quot;:&quot;1738190&quot;,&quot;brand&quot;:&quot;H-E-B&quot;,&quot;ownBrand&quot;:true,&quot;fulfillmentChannel&quot;:5005,&quot;storeAssortment&quot;:{&quot;marketingBugKey&quot;:&quot;&quot;,&quot;marketingBugDescription&quot;:&quot;&quot;,&quot;smallImageMarketingBugUrl&quot;:&quot;&quot;}}" bucket="cart" size="normal" listname="Search Results page" button-type="nonspa"></add-to-bucket>
		</bootstrap>
		<button data-action-requires-cookies="" class="cart-add-list btn btn-list btn-full-width mar-bot-0" title="Add to list" onclick="javascript:displayDropdown(this); return false;">Add to list</button>
							<!-- TODO Get this functionality for the vue version -->
							<div class="atl-container product-record" style="display: none;">
								<div class="atl-container-triangle"></div>
								<ul class="shoppingListSelector">
									<li>
											
											<a onclick="javascript:addToListFromPDP(&#39;1738190&#39;, &#39;4122097938&#39;, &#39;gl9476736530&#39;); return false;" href="file:///C:/Users/Christopher/flask-tutorial/heb_lettuce_search.html#" data-shoppinglistid="gl9476736530">My List</a></li>
									</ul>
							</div>
						</form></div>
	</div>

	<script type="application/ld+json" id="gtm-product-click-1738190">
{	
	"event": "e_productClick",
	"ecommerce": {
		"click": {
			"actionField": { "list": "Search Results page" },
			"products": [{ 
				"name": "H-E-B Kale Greens", 
				"id": "1738190", 
				"category": "Fruit & Vegetables/Vegetables/Lettuce & Leafy Greens", 
				"brand": "H-E-B", 
				"variant": "each",
				"price": 2.51,
				"position": 41, 
				"dimension26": "true",
				"dimension40": "default"
			}]
		}
	}
}
</script>

<script type="application/json" id="gtm-add-to-list-product-1738190">
	
	[{
		"event": "e_addToList",
		"ecommerce": {
			"add": {
				"actionField": {"list": "Search Results page"},
				"products": [{	
					"name": "H-E-B Kale Greens", 
					"id": "1738190", 
					"category": "Fruit & Vegetables",
					"brand": "H-E-B", 
					"variant": "each", 
					"price": 2.51,
					"quantity": 1, 
					"dimension26": "true"
				}]
			}
		}
	}
	
	,{
		"event": "e_productClick",
		"ecommerce": {
			"click": {
				"actionField": {"list": "Search Results page"},
				"products": [{ 
					"name": "H-E-B Kale Greens", 
					"id": "1738190", 
					"category": "Fruit & Vegetables",
					"brand": "H-E-B", 
					"variant": "each", 
					"price": 2.51,
					"position": 41,
					"dimension25": "product add to list",
					"dimension26": "true",
					"dimension40": "default"
				}]
			}
		}
	}
	
	]
	</script>

<input type="hidden" class="one-to-one-product" value="false"></li><li class="responsivegriditem product-grid-large-fifth product-grid-small-6" role="group">
		<a id="product-1017786" href="file:///C:/product-detail/central-market-organic-arugula/1017786" aria-label="Central Market Organic Arugula,
		5 oz,
		$3.56 each. Features:  ORGANIC.  HEART HEALTHY." class="responsivegriditem__aria-link-wrap">
		<div class="responsivegriditem-top " onclick="gtm_e_productClick(&#39;gtm-product-click-1017786&#39;);">

			<div class="cat-feature clearfix">
				<div class="cat-feature-list clearfix">
   		<img src="./heb_lettuce_search_files/snipe-so95.jpg" title="ORGANIC">
	    		<img src="./heb_lettuce_search_files/snipe-shh.jpg" title="HEART HEALTHY">
	    		</div></div>
			<div class="cat-list-img gtm-product ">

				<img data-src="https://images.heb.com/is/image/HEBGrocery/prd-small/central-market-organic-arugula-001017786.jpg" alt="" class="lazyload"><script type="application/ld+json">
{	
	"name": "Central Market Organic Arugula", 
	"id": "1017786", 
	"category": "Fruit & Vegetables/Vegetables/Lettuce & Leafy Greens",
	"brand": "Central Market", 
	"variant": "each", 
	"price": 3.56,
	"list": "Search Results page",
	"position": "42",
	"dimension26": "true",
	"dimension40": "default"
}
</script>

</div>
			</div>
	
		<div class="responsivegriditem-middle ">
			<div class="responsivegriditem__title" onclick="gtm_e_productClick(&#39;gtm-product-click-1017786&#39;);">
					<span class="responsivegriditem__title">
					Central Market Organic Arugula, <span class="item-size">5 oz</span></span></div>
			<div class="responsivegriditem__rating-container">
				<div class="cat-star clearfix">
    <div class=""><img src="file:///C:/img/stars/smallstaroff.png" alt=""></div>
			<div class=""><img src="file:///C:/img/stars/smallstaroff.png" alt=""></div>
			<div class=""><img src="file:///C:/img/stars/smallstaroff.png" alt=""></div>
			<div class=""><img src="file:///C:/img/stars/smallstaroff.png" alt=""></div>
			<div class="last-star"><img src="file:///C:/img/stars/smallstaroff.png" alt=""></div>
			</div></div>

			<div class="cat-price">
            <div class="responsivegriditem__price-label"></div>
                    <span class="cat-price-number">
                        $3.56 each</span>
                <span class="cat-sale-price-container">
                <span class="uomSalePrice">
                        ($0.72/oz)
                    </span>
                </span>
        </div><div class="cdp-moq">
				</div>
		</div>
	</a>
	<div class="responsivegriditem-bottom">
		<div class="cart-actions clearfix">
			<form id="form-1017786" data-product-id="1017786" data-is-hidden="false" data-is-disabled="false" data-is-ship-to-home="false" data-max-qty="99" data-remaining-stock="99" data-is-wine-moq-product="false" data-moq-val="1"><div class="quantity-picker">
			<input type="hidden" value="secondchoice">
					<input type="hidden" value="1" id="4122019997_1017786_quantity" data-minstock="1">
				</div>
	<input type="hidden" id="4122019997_maxQty" value="99">
		<input type="hidden" id="4122019997_remainingStock" value="99">
		<input type="hidden" id="4122019997_productId" value="1017786">
		<input type="hidden" name="isWineMOQProduct" value="false">
		<input type="hidden" id="4122019997_moqval" value="1">
			<bootstrap class="vue-instance-init">
			<add-to-bucket :product="{&quot;productAvailableAtContext&quot;:true,&quot;smallImageUrl&quot;:&quot;https://images.heb.com/is/image/HEBGrocery/prd-small/central-market-organic-arugula-001017786.jpg&quot;,&quot;isPrimoPick&quot;:false,&quot;isBestAvailable&quot;:false,&quot;isOnAd&quot;:false,&quot;defaultLevelOneCategory&quot;:&quot;{name=Fruit &amp; Vegetables, id=490020}&quot;,&quot;displayName&quot;:&quot;Central Market Organic Arugula&quot;,&quot;thumbnailMediumImageUrl&quot;:&quot;https://images.heb.com/is/image/HEBGrocery/prd-thumbnail-medium/central-market-organic-arugula-001017786.jpg&quot;,&quot;showOnlineMarketingBug&quot;:false,&quot;pdpUrl&quot;:&quot;/product-detail/central-market-organic-arugula/1017786&quot;,&quot;snipes&quot;:[{&quot;largeImageUrl&quot;:&quot;https://images.heb.com/is/image/HEBGrocery/snp-large/snipe-so95.jpg&quot;,&quot;name&quot;:&quot;ORGANIC&quot;,&quot;description&quot;:&quot;At least 95% organic and meets USDA standards which prohibits the use of GMOs.&quot;,&quot;position&quot;:1,&quot;mediumImageUrl&quot;:&quot;https://images.heb.com/is/image/HEBGrocery/snp-medium/snipe-so95.jpg&quot;},{&quot;largeImageUrl&quot;:&quot;https://images.heb.com/is/image/HEBGrocery/snp-large/snipe-shh.jpg&quot;,&quot;name&quot;:&quot;HEART HEALTHY&quot;,&quot;description&quot;:&quot;Low in fat, sat. fat, &amp;amp; cholesterol; =600 mg sodium; 10% DV of at least 1: Vit. A, C, Calcium, Iron, Fiber or Protein per serving. While many factors affect heart disease, diets low in saturated fat and cholesterol may reduce the risk of this disease.&quot;,&quot;position&quot;:1,&quot;mediumImageUrl&quot;:&quot;https://images.heb.com/is/image/HEBGrocery/snp-medium/snipe-shh.jpg&quot;}],&quot;defaultBreadCrumb&quot;:[{&quot;displayName&quot;:&quot;Shop&quot;},{&quot;displayName&quot;:&quot;Fruit &amp;amp; Vegetables&quot;},{&quot;displayName&quot;:&quot;Vegetables&quot;},{&quot;displayName&quot;:&quot;Lettuce &amp;amp; Leafy Greens&quot;}],&quot;mediumImageUrl&quot;:&quot;https://images.heb.com/is/image/HEBGrocery/prd-medium/central-market-organic-arugula-001017786.jpg&quot;,&quot;defaultSku&quot;:{&quot;unitWeight&quot;:0.47,&quot;priceInfo&quot;:{&quot;salePrice&quot;:{&quot;unit&quot;:&quot;each&quot;,&quot;formatted&quot;:&quot;$3.56&quot;,&quot;listPriceAmountRounded&quot;:3.56},&quot;priceType&quot;:&quot;EACH&quot;,&quot;listPrice&quot;:{&quot;unit&quot;:&quot;each&quot;,&quot;formatted&quot;:&quot;$3.56&quot;,&quot;listPriceAmountRounded&quot;:3.56}},&quot;thumbnailImageUrl&quot;:&quot;https://images.heb.com/is/image/HEBGrocery/prd-thumbnail/central-market-organic-arugula-001017786.jpg&quot;,&quot;couponIds&quot;:[],&quot;availableCouponIds&quot;:[],&quot;unitOfMeasure&quot;:&quot;oz&quot;,&quot;displayName&quot;:&quot;Organic Arugula&quot;,&quot;onSale&quot;:false,&quot;sceneSevenImage&quot;:&quot;001017786&quot;,&quot;weightSelectionIncrements&quot;:[],&quot;customerFriendlySize&quot;:&quot;5 oz&quot;,&quot;id&quot;:&quot;4122019997&quot;,&quot;customerPurchaseChoice&quot;:&quot;EACH&quot;},&quot;minimumOrderQuantityProduct&quot;:false,&quot;minimumOrderQuantity&quot;:1,&quot;maximumOrderQuantity&quot;:99,&quot;thumbnailImageUrl&quot;:&quot;https://images.heb.com/is/image/HEBGrocery/prd-thumbnail/central-market-organic-arugula-001017786.jpg&quot;,&quot;pricedByWeight&quot;:false,&quot;formattedSalePrice&quot;:&quot;$3.56 each&quot;,&quot;addToCartAllowed&quot;:true,&quot;randomWeight&quot;:false,&quot;addToCartDisabled&quot;:false,&quot;onSale&quot;:false,&quot;id&quot;:&quot;1017786&quot;,&quot;brand&quot;:&quot;Central Market&quot;,&quot;ownBrand&quot;:true,&quot;fulfillmentChannel&quot;:5005,&quot;storeAssortment&quot;:{&quot;marketingBugKey&quot;:&quot;&quot;,&quot;marketingBugDescription&quot;:&quot;&quot;,&quot;smallImageMarketingBugUrl&quot;:&quot;&quot;}}" bucket="cart" size="normal" listname="Search Results page" button-type="nonspa"></add-to-bucket>
		</bootstrap>
		<button data-action-requires-cookies="" class="cart-add-list btn btn-list btn-full-width mar-bot-0" title="Add to list" onclick="javascript:displayDropdown(this); return false;">Add to list</button>
							<!-- TODO Get this functionality for the vue version -->
							<div class="atl-container product-record" style="display: none;">
								<div class="atl-container-triangle"></div>
								<ul class="shoppingListSelector">
									<li>
											
											<a onclick="javascript:addToListFromPDP(&#39;1017786&#39;, &#39;4122019997&#39;, &#39;gl9476736530&#39;); return false;" href="file:///C:/Users/Christopher/flask-tutorial/heb_lettuce_search.html#" data-shoppinglistid="gl9476736530">My List</a></li>
									</ul>
							</div>
						</form></div>
	</div>

	<script type="application/ld+json" id="gtm-product-click-1017786">
{	
	"event": "e_productClick",
	"ecommerce": {
		"click": {
			"actionField": { "list": "Search Results page" },
			"products": [{ 
				"name": "Central Market Organic Arugula", 
				"id": "1017786", 
				"category": "Fruit & Vegetables/Vegetables/Lettuce & Leafy Greens", 
				"brand": "Central Market", 
				"variant": "each",
				"price": 3.56,
				"position": 42, 
				"dimension26": "true",
				"dimension40": "default"
			}]
		}
	}
}
</script>

<script type="application/json" id="gtm-add-to-list-product-1017786">
	
	[{
		"event": "e_addToList",
		"ecommerce": {
			"add": {
				"actionField": {"list": "Search Results page"},
				"products": [{	
					"name": "Central Market Organic Arugula", 
					"id": "1017786", 
					"category": "Fruit & Vegetables",
					"brand": "Central Market", 
					"variant": "each", 
					"price": 3.56,
					"quantity": 1, 
					"dimension26": "true"
				}]
			}
		}
	}
	
	,{
		"event": "e_productClick",
		"ecommerce": {
			"click": {
				"actionField": {"list": "Search Results page"},
				"products": [{ 
					"name": "Central Market Organic Arugula", 
					"id": "1017786", 
					"category": "Fruit & Vegetables",
					"brand": "Central Market", 
					"variant": "each", 
					"price": 3.56,
					"position": 42,
					"dimension25": "product add to list",
					"dimension26": "true",
					"dimension40": "default"
				}]
			}
		}
	}
	
	]
	</script>

<input type="hidden" class="one-to-one-product" value="false"></li><li class="responsivegriditem product-grid-large-fifth product-grid-small-6" role="group">
		<a id="product-1825281" href="file:///C:/product-detail/h-e-b-organics-baby-arugula/1825281" aria-label="H-E-B Organics Baby Arugula,
		5 oz,
		$2.55 each. Features:  ORGANIC.  HEART HEALTHY.  Rated 4 out of five stars." class="responsivegriditem__aria-link-wrap">
		<div class="responsivegriditem-top " onclick="gtm_e_productClick(&#39;gtm-product-click-1825281&#39;);">

			<div class="cat-feature clearfix">
				<div class="cat-feature-list clearfix">
   		<img src="./heb_lettuce_search_files/snipe-so95.jpg" title="ORGANIC">
	    		<img src="./heb_lettuce_search_files/snipe-shh.jpg" title="HEART HEALTHY">
	    		</div></div>
			<div class="cat-list-img gtm-product ">

				<img data-src="https://images.heb.com/is/image/HEBGrocery/prd-small/h-e-b-organics-baby-arugula-001825281.jpg" alt="" class="lazyload"><script type="application/ld+json">
{	
	"name": "H-E-B Organics Baby Arugula", 
	"id": "1825281", 
	"category": "Fruit & Vegetables/Vegetables/Lettuce & Leafy Greens",
	"brand": "H-E-B", 
	"variant": "each", 
	"price": 2.55,
	"list": "Search Results page",
	"position": "43",
	"dimension26": "true",
	"dimension40": "default"
}
</script>

</div>
			</div>
	
		<div class="responsivegriditem-middle ">
			<div class="responsivegriditem__title" onclick="gtm_e_productClick(&#39;gtm-product-click-1825281&#39;);">
					<span class="responsivegriditem__title">
					H-E-B Organics Baby Arugula, <span class="item-size">5 oz</span></span></div>
			<div class="responsivegriditem__rating-container">
				<div class="cat-star clearfix">
    <div class=""><img src="file:///C:/img/stars/smallstaron.png" alt=""></div>
			<div class=""><img src="file:///C:/img/stars/smallstaron.png" alt=""></div>
			<div class=""><img src="file:///C:/img/stars/smallstaron.png" alt=""></div>
			<div class=""><img src="file:///C:/img/stars/smallstaron.png" alt=""></div>
			<div class="last-star"><img src="file:///C:/img/stars/smallstaroff.png" alt=""></div>
			<span>(3)</span>
   	</div></div>

			<div class="cat-price">
            <div class="responsivegriditem__price-label"></div>
                    <span class="cat-price-number">
                        $2.55 each</span>
                <span class="cat-sale-price-container">
                <span class="uomSalePrice">
                        ($0.51/oz)
                    </span>
                </span>
        </div><div class="cdp-moq">
				</div>
		</div>
	</a>
	<div class="responsivegriditem-bottom">
		<div class="cart-actions clearfix">
			<form id="form-1825281" data-product-id="1825281" data-is-hidden="false" data-is-disabled="false" data-is-ship-to-home="false" data-max-qty="99" data-remaining-stock="99" data-is-wine-moq-product="false" data-moq-val="1"><div class="quantity-picker">
			<input type="hidden" value="secondchoice">
					<input type="hidden" value="1" id="4122080802_1825281_quantity" data-minstock="1">
				</div>
	<input type="hidden" id="4122080802_maxQty" value="99">
		<input type="hidden" id="4122080802_remainingStock" value="99">
		<input type="hidden" id="4122080802_productId" value="1825281">
		<input type="hidden" name="isWineMOQProduct" value="false">
		<input type="hidden" id="4122080802_moqval" value="1">
			<bootstrap class="vue-instance-init">
			<add-to-bucket :product="{&quot;productAvailableAtContext&quot;:true,&quot;smallImageUrl&quot;:&quot;https://images.heb.com/is/image/HEBGrocery/prd-small/h-e-b-organics-baby-arugula-001825281.jpg&quot;,&quot;isPrimoPick&quot;:false,&quot;isBestAvailable&quot;:false,&quot;isOnAd&quot;:false,&quot;defaultLevelOneCategory&quot;:&quot;{name=Fruit &amp; Vegetables, id=490020}&quot;,&quot;displayName&quot;:&quot;H-E-B Organics Baby Arugula&quot;,&quot;thumbnailMediumImageUrl&quot;:&quot;https://images.heb.com/is/image/HEBGrocery/prd-thumbnail-medium/h-e-b-organics-baby-arugula-001825281.jpg&quot;,&quot;showOnlineMarketingBug&quot;:false,&quot;pdpUrl&quot;:&quot;/product-detail/h-e-b-organics-baby-arugula/1825281&quot;,&quot;snipes&quot;:[{&quot;largeImageUrl&quot;:&quot;https://images.heb.com/is/image/HEBGrocery/snp-large/snipe-so95.jpg&quot;,&quot;name&quot;:&quot;ORGANIC&quot;,&quot;description&quot;:&quot;At least 95% organic and meets USDA standards which prohibits the use of GMOs.&quot;,&quot;position&quot;:1,&quot;mediumImageUrl&quot;:&quot;https://images.heb.com/is/image/HEBGrocery/snp-medium/snipe-so95.jpg&quot;},{&quot;largeImageUrl&quot;:&quot;https://images.heb.com/is/image/HEBGrocery/snp-large/snipe-shh.jpg&quot;,&quot;name&quot;:&quot;HEART HEALTHY&quot;,&quot;description&quot;:&quot;Low in fat, sat. fat, &amp;amp; cholesterol; =600 mg sodium; 10% DV of at least 1: Vit. A, C, Calcium, Iron, Fiber or Protein per serving. While many factors affect heart disease, diets low in saturated fat and cholesterol may reduce the risk of this disease.&quot;,&quot;position&quot;:1,&quot;mediumImageUrl&quot;:&quot;https://images.heb.com/is/image/HEBGrocery/snp-medium/snipe-shh.jpg&quot;}],&quot;defaultBreadCrumb&quot;:[{&quot;displayName&quot;:&quot;Shop&quot;},{&quot;displayName&quot;:&quot;Fruit &amp;amp; Vegetables&quot;},{&quot;displayName&quot;:&quot;Vegetables&quot;},{&quot;displayName&quot;:&quot;Lettuce &amp;amp; Leafy Greens&quot;}],&quot;mediumImageUrl&quot;:&quot;https://images.heb.com/is/image/HEBGrocery/prd-medium/h-e-b-organics-baby-arugula-001825281.jpg&quot;,&quot;defaultSku&quot;:{&quot;unitWeight&quot;:0.37,&quot;priceInfo&quot;:{&quot;salePrice&quot;:{&quot;unit&quot;:&quot;each&quot;,&quot;formatted&quot;:&quot;$2.55&quot;,&quot;listPriceAmountRounded&quot;:2.55},&quot;priceType&quot;:&quot;EACH&quot;,&quot;listPrice&quot;:{&quot;unit&quot;:&quot;each&quot;,&quot;formatted&quot;:&quot;$2.55&quot;,&quot;listPriceAmountRounded&quot;:2.55}},&quot;thumbnailImageUrl&quot;:&quot;https://images.heb.com/is/image/HEBGrocery/prd-thumbnail/h-e-b-organics-baby-arugula-001825281.jpg&quot;,&quot;couponIds&quot;:[],&quot;availableCouponIds&quot;:[],&quot;unitOfMeasure&quot;:&quot;oz&quot;,&quot;displayName&quot;:&quot;Organics Baby Arugula&quot;,&quot;onSale&quot;:false,&quot;sceneSevenImage&quot;:&quot;001825281&quot;,&quot;weightSelectionIncrements&quot;:[],&quot;customerFriendlySize&quot;:&quot;5 oz&quot;,&quot;id&quot;:&quot;4122080802&quot;,&quot;customerPurchaseChoice&quot;:&quot;EACH&quot;},&quot;minimumOrderQuantityProduct&quot;:false,&quot;minimumOrderQuantity&quot;:1,&quot;maximumOrderQuantity&quot;:99,&quot;thumbnailImageUrl&quot;:&quot;https://images.heb.com/is/image/HEBGrocery/prd-thumbnail/h-e-b-organics-baby-arugula-001825281.jpg&quot;,&quot;pricedByWeight&quot;:false,&quot;formattedSalePrice&quot;:&quot;$2.55 each&quot;,&quot;addToCartAllowed&quot;:true,&quot;randomWeight&quot;:false,&quot;addToCartDisabled&quot;:false,&quot;onSale&quot;:false,&quot;id&quot;:&quot;1825281&quot;,&quot;brand&quot;:&quot;H-E-B&quot;,&quot;ownBrand&quot;:true,&quot;fulfillmentChannel&quot;:5005,&quot;storeAssortment&quot;:{&quot;marketingBugKey&quot;:&quot;&quot;,&quot;marketingBugDescription&quot;:&quot;&quot;,&quot;smallImageMarketingBugUrl&quot;:&quot;&quot;}}" bucket="cart" size="normal" listname="Search Results page" button-type="nonspa"></add-to-bucket>
		</bootstrap>
		<button data-action-requires-cookies="" class="cart-add-list btn btn-list btn-full-width mar-bot-0" title="Add to list" onclick="javascript:displayDropdown(this); return false;">Add to list</button>
							<!-- TODO Get this functionality for the vue version -->
							<div class="atl-container product-record" style="display: none;">
								<div class="atl-container-triangle"></div>
								<ul class="shoppingListSelector">
									<li>
											
											<a onclick="javascript:addToListFromPDP(&#39;1825281&#39;, &#39;4122080802&#39;, &#39;gl9476736530&#39;); return false;" href="file:///C:/Users/Christopher/flask-tutorial/heb_lettuce_search.html#" data-shoppinglistid="gl9476736530">My List</a></li>
									</ul>
							</div>
						</form></div>
	</div>

	<script type="application/ld+json" id="gtm-product-click-1825281">
{	
	"event": "e_productClick",
	"ecommerce": {
		"click": {
			"actionField": { "list": "Search Results page" },
			"products": [{ 
				"name": "H-E-B Organics Baby Arugula", 
				"id": "1825281", 
				"category": "Fruit & Vegetables/Vegetables/Lettuce & Leafy Greens", 
				"brand": "H-E-B", 
				"variant": "each",
				"price": 2.55,
				"position": 43, 
				"dimension26": "true",
				"dimension40": "default"
			}]
		}
	}
}
</script>

<script type="application/json" id="gtm-add-to-list-product-1825281">
	
	[{
		"event": "e_addToList",
		"ecommerce": {
			"add": {
				"actionField": {"list": "Search Results page"},
				"products": [{	
					"name": "H-E-B Organics Baby Arugula", 
					"id": "1825281", 
					"category": "Fruit & Vegetables",
					"brand": "H-E-B", 
					"variant": "each", 
					"price": 2.55,
					"quantity": 1, 
					"dimension26": "true"
				}]
			}
		}
	}
	
	,{
		"event": "e_productClick",
		"ecommerce": {
			"click": {
				"actionField": {"list": "Search Results page"},
				"products": [{ 
					"name": "H-E-B Organics Baby Arugula", 
					"id": "1825281", 
					"category": "Fruit & Vegetables",
					"brand": "H-E-B", 
					"variant": "each", 
					"price": 2.55,
					"position": 43,
					"dimension25": "product add to list",
					"dimension26": "true",
					"dimension40": "default"
				}]
			}
		}
	}
	
	]
	</script>

<input type="hidden" class="one-to-one-product" value="false"></li><li class="responsivegriditem product-grid-large-fifth product-grid-small-6" role="group">
		<a id="product-1790755" href="file:///C:/product-detail/h-e-b-organics-kale-greens/1790755" aria-label="H-E-B Organics Kale Greens,
		12 oz,
		$3.28 each. Features:  ORGANIC.  HEART HEALTHY. Primo Pick. Rated 5 out of five stars." class="responsivegriditem__aria-link-wrap">
		<div class="responsivegriditem-top " onclick="gtm_e_productClick(&#39;gtm-product-click-1790755&#39;);">

			<div class="cat-feature clearfix">
				<img data-src="https://images.heb.com/is/image/HEBGrocery/mkt-small/marketingbug-primopck.jpg" alt="Primo Pick" class="lazyload product-card__flag product-card__flag--product-card__flag--marketing-bug">
					<div class="cat-feature-list clearfix">
   		<img src="./heb_lettuce_search_files/snipe-so95.jpg" title="ORGANIC">
	    		<img src="./heb_lettuce_search_files/snipe-shh.jpg" title="HEART HEALTHY">
	    		</div></div>
			<div class="cat-list-img gtm-product ">

				<img data-src="https://images.heb.com/is/image/HEBGrocery/prd-small/h-e-b-organics-kale-greens-001790755.jpg" alt="" class="lazyload"><script type="application/ld+json">
{	
	"name": "H-E-B Organics Kale Greens", 
	"id": "1790755", 
	"category": "Fruit & Vegetables/Vegetables/Lettuce & Leafy Greens",
	"brand": "H-E-B", 
	"variant": "each", 
	"price": 3.28,
	"list": "Search Results page",
	"position": "44",
	"dimension26": "true",
	"dimension40": "default"
}
</script>

</div>
			</div>
	
		<div class="responsivegriditem-middle ">
			<div class="responsivegriditem__title" onclick="gtm_e_productClick(&#39;gtm-product-click-1790755&#39;);">
					<span class="responsivegriditem__title">
					H-E-B Organics Kale Greens, <span class="item-size">12 oz</span></span></div>
			<div class="responsivegriditem__rating-container">
				<div class="cat-star clearfix">
    <div class=""><img src="file:///C:/img/stars/smallstaron.png" alt=""></div>
			<div class=""><img src="file:///C:/img/stars/smallstaron.png" alt=""></div>
			<div class=""><img src="file:///C:/img/stars/smallstaron.png" alt=""></div>
			<div class=""><img src="file:///C:/img/stars/smallstaron.png" alt=""></div>
			<div class="last-star"><img src="file:///C:/img/stars/smallstaron.png" alt=""></div>
			<span>(1)</span>
   	</div></div>

			<div class="cat-price">
            <div class="responsivegriditem__price-label"></div>
                    <span class="cat-price-number">
                        $3.28 each</span>
                <span class="cat-sale-price-container">
                <span class="uomSalePrice">
                        ($0.28/oz)
                    </span>
                </span>
        </div><div class="cdp-moq">
				</div>
		</div>
	</a>
	<div class="responsivegriditem-bottom">
		<div class="cart-actions clearfix">
			<form id="form-1790755" data-product-id="1790755" data-is-hidden="false" data-is-disabled="false" data-is-ship-to-home="false" data-max-qty="99" data-remaining-stock="99" data-is-wine-moq-product="false" data-moq-val="1"><div class="quantity-picker">
			<input type="hidden" value="secondchoice">
					<input type="hidden" value="1" id="4122032499_1790755_quantity" data-minstock="1">
				</div>
	<input type="hidden" id="4122032499_maxQty" value="99">
		<input type="hidden" id="4122032499_remainingStock" value="99">
		<input type="hidden" id="4122032499_productId" value="1790755">
		<input type="hidden" name="isWineMOQProduct" value="false">
		<input type="hidden" id="4122032499_moqval" value="1">
			<bootstrap class="vue-instance-init">
			<add-to-bucket :product="{&quot;productAvailableAtContext&quot;:true,&quot;smallImageUrl&quot;:&quot;https://images.heb.com/is/image/HEBGrocery/prd-small/h-e-b-organics-kale-greens-001790755.jpg&quot;,&quot;isPrimoPick&quot;:true,&quot;isBestAvailable&quot;:false,&quot;isOnAd&quot;:false,&quot;defaultLevelOneCategory&quot;:&quot;{name=Fruit &amp; Vegetables, id=490020}&quot;,&quot;displayName&quot;:&quot;H-E-B Organics Kale Greens&quot;,&quot;thumbnailMediumImageUrl&quot;:&quot;https://images.heb.com/is/image/HEBGrocery/prd-thumbnail-medium/h-e-b-organics-kale-greens-001790755.jpg&quot;,&quot;showOnlineMarketingBug&quot;:true,&quot;pdpUrl&quot;:&quot;/product-detail/h-e-b-organics-kale-greens/1790755&quot;,&quot;snipes&quot;:[{&quot;largeImageUrl&quot;:&quot;https://images.heb.com/is/image/HEBGrocery/snp-large/snipe-so95.jpg&quot;,&quot;name&quot;:&quot;ORGANIC&quot;,&quot;description&quot;:&quot;At least 95% organic and meets USDA standards which prohibits the use of GMOs.&quot;,&quot;position&quot;:1,&quot;mediumImageUrl&quot;:&quot;https://images.heb.com/is/image/HEBGrocery/snp-medium/snipe-so95.jpg&quot;},{&quot;largeImageUrl&quot;:&quot;https://images.heb.com/is/image/HEBGrocery/snp-large/snipe-shh.jpg&quot;,&quot;name&quot;:&quot;HEART HEALTHY&quot;,&quot;description&quot;:&quot;Low in fat, sat. fat, &amp;amp; cholesterol; =600 mg sodium; 10% DV of at least 1: Vit. A, C, Calcium, Iron, Fiber or Protein per serving. While many factors affect heart disease, diets low in saturated fat and cholesterol may reduce the risk of this disease.&quot;,&quot;position&quot;:1,&quot;mediumImageUrl&quot;:&quot;https://images.heb.com/is/image/HEBGrocery/snp-medium/snipe-shh.jpg&quot;}],&quot;defaultBreadCrumb&quot;:[{&quot;displayName&quot;:&quot;Shop&quot;},{&quot;displayName&quot;:&quot;Fruit &amp;amp; Vegetables&quot;},{&quot;displayName&quot;:&quot;Vegetables&quot;},{&quot;displayName&quot;:&quot;Lettuce &amp;amp; Leafy Greens&quot;}],&quot;mediumImageUrl&quot;:&quot;https://images.heb.com/is/image/HEBGrocery/prd-medium/h-e-b-organics-kale-greens-001790755.jpg&quot;,&quot;defaultSku&quot;:{&quot;unitWeight&quot;:0.025,&quot;priceInfo&quot;:{&quot;salePrice&quot;:{&quot;unit&quot;:&quot;each&quot;,&quot;formatted&quot;:&quot;$3.28&quot;,&quot;listPriceAmountRounded&quot;:3.28},&quot;priceType&quot;:&quot;EACH&quot;,&quot;listPrice&quot;:{&quot;unit&quot;:&quot;each&quot;,&quot;formatted&quot;:&quot;$3.28&quot;,&quot;listPriceAmountRounded&quot;:3.28}},&quot;thumbnailImageUrl&quot;:&quot;https://images.heb.com/is/image/HEBGrocery/prd-thumbnail/h-e-b-organics-kale-greens-001790755.jpg&quot;,&quot;couponIds&quot;:[],&quot;availableCouponIds&quot;:[],&quot;unitOfMeasure&quot;:&quot;oz&quot;,&quot;displayName&quot;:&quot;Organics Kale Greens&quot;,&quot;onSale&quot;:false,&quot;sceneSevenImage&quot;:&quot;001790755&quot;,&quot;weightSelectionIncrements&quot;:[],&quot;customerFriendlySize&quot;:&quot;12 oz&quot;,&quot;id&quot;:&quot;4122032499&quot;,&quot;customerPurchaseChoice&quot;:&quot;EACH&quot;},&quot;minimumOrderQuantityProduct&quot;:false,&quot;minimumOrderQuantity&quot;:1,&quot;maximumOrderQuantity&quot;:99,&quot;thumbnailImageUrl&quot;:&quot;https://images.heb.com/is/image/HEBGrocery/prd-thumbnail/h-e-b-organics-kale-greens-001790755.jpg&quot;,&quot;pricedByWeight&quot;:false,&quot;formattedSalePrice&quot;:&quot;$3.28 each&quot;,&quot;addToCartAllowed&quot;:true,&quot;randomWeight&quot;:false,&quot;addToCartDisabled&quot;:false,&quot;onSale&quot;:false,&quot;id&quot;:&quot;1790755&quot;,&quot;brand&quot;:&quot;H-E-B&quot;,&quot;ownBrand&quot;:true,&quot;fulfillmentChannel&quot;:5005,&quot;storeAssortment&quot;:{&quot;marketingBugKey&quot;:&quot;PRIMOPCK&quot;,&quot;marketingBugDescription&quot;:&quot;Primo Pick&quot;,&quot;smallImageMarketingBugUrl&quot;:&quot;https://images.heb.com/is/image/HEBGrocery/mkt-small/marketingbug-primopck.jpg&quot;}}" bucket="cart" size="normal" listname="Search Results page" button-type="nonspa"></add-to-bucket>
		</bootstrap>
		<button data-action-requires-cookies="" class="cart-add-list btn btn-list btn-full-width mar-bot-0" title="Add to list" onclick="javascript:displayDropdown(this); return false;">Add to list</button>
							<!-- TODO Get this functionality for the vue version -->
							<div class="atl-container product-record" style="display: none;">
								<div class="atl-container-triangle"></div>
								<ul class="shoppingListSelector">
									<li>
											
											<a onclick="javascript:addToListFromPDP(&#39;1790755&#39;, &#39;4122032499&#39;, &#39;gl9476736530&#39;); return false;" href="file:///C:/Users/Christopher/flask-tutorial/heb_lettuce_search.html#" data-shoppinglistid="gl9476736530">My List</a></li>
									</ul>
							</div>
						</form></div>
	</div>

	<script type="application/ld+json" id="gtm-product-click-1790755">
{	
	"event": "e_productClick",
	"ecommerce": {
		"click": {
			"actionField": { "list": "Search Results page" },
			"products": [{ 
				"name": "H-E-B Organics Kale Greens", 
				"id": "1790755", 
				"category": "Fruit & Vegetables/Vegetables/Lettuce & Leafy Greens", 
				"brand": "H-E-B", 
				"variant": "each",
				"price": 3.28,
				"position": 44, 
				"dimension26": "true",
				"dimension40": "default"
			}]
		}
	}
}
</script>

<script type="application/json" id="gtm-add-to-list-product-1790755">
	
	[{
		"event": "e_addToList",
		"ecommerce": {
			"add": {
				"actionField": {"list": "Search Results page"},
				"products": [{	
					"name": "H-E-B Organics Kale Greens", 
					"id": "1790755", 
					"category": "Fruit & Vegetables",
					"brand": "H-E-B", 
					"variant": "each", 
					"price": 3.28,
					"quantity": 1, 
					"dimension26": "true"
				}]
			}
		}
	}
	
	,{
		"event": "e_productClick",
		"ecommerce": {
			"click": {
				"actionField": {"list": "Search Results page"},
				"products": [{ 
					"name": "H-E-B Organics Kale Greens", 
					"id": "1790755", 
					"category": "Fruit & Vegetables",
					"brand": "H-E-B", 
					"variant": "each", 
					"price": 3.28,
					"position": 44,
					"dimension25": "product add to list",
					"dimension26": "true",
					"dimension40": "default"
				}]
			}
		}
	}
	
	]
	</script>

<input type="hidden" class="one-to-one-product" value="false"></li><li class="responsivegriditem product-grid-large-fifth product-grid-small-6" role="group">
		<a id="product-1454547" href="file:///C:/product-detail/h-e-b-select-ingredients-nbsp-baby-spring-mix/1454547" aria-label="H-E-B Select Ingredients Baby Spring Mix,
		10 oz,
		$3.25 each. Features:  HEART HEALTHY." class="responsivegriditem__aria-link-wrap">
		<div class="responsivegriditem-top " onclick="gtm_e_productClick(&#39;gtm-product-click-1454547&#39;);">

			<div class="cat-feature clearfix">
				<div class="cat-feature-list clearfix">
   		<img src="./heb_lettuce_search_files/snipe-shh.jpg" title="HEART HEALTHY">
	    		</div></div>
			<div class="cat-list-img gtm-product ">

				<img data-src="https://images.heb.com/is/image/HEBGrocery/prd-small/h-e-b-select-ingredients-nbsp-baby-spring-mix-001454547.jpg" alt="" class="lazyload"><script type="application/ld+json">
{	
	"name": "H-E-B Select Ingredients&nbsp;Baby Spring Mix", 
	"id": "1454547", 
	"category": "Fruit & Vegetables/Vegetables/Lettuce & Leafy Greens",
	"brand": "H-E-B", 
	"variant": "each", 
	"price": 3.25,
	"list": "Search Results page",
	"position": "45",
	"dimension26": "true",
	"dimension40": "default"
}
</script>

</div>
			</div>
	
		<div class="responsivegriditem-middle ">
			<div class="responsivegriditem__title" onclick="gtm_e_productClick(&#39;gtm-product-click-1454547&#39;);">
					<span class="responsivegriditem__title">
					H-E-B Select Ingredients&nbsp;Baby Spring Mix, <span class="item-size">10 oz</span></span></div>
			<div class="responsivegriditem__rating-container">
				<div class="cat-star clearfix">
    <div class=""><img src="file:///C:/img/stars/smallstaroff.png" alt=""></div>
			<div class=""><img src="file:///C:/img/stars/smallstaroff.png" alt=""></div>
			<div class=""><img src="file:///C:/img/stars/smallstaroff.png" alt=""></div>
			<div class=""><img src="file:///C:/img/stars/smallstaroff.png" alt=""></div>
			<div class="last-star"><img src="file:///C:/img/stars/smallstaroff.png" alt=""></div>
			</div></div>

			<div class="cat-price">
            <div class="responsivegriditem__price-label"></div>
                    <span class="cat-price-number">
                        $3.25 each</span>
                <span class="cat-sale-price-container">
                <span class="uomSalePrice">
                        ($0.33/oz)
                    </span>
                </span>
        </div><div class="cdp-moq">
				</div>
		</div>
	</a>
	<div class="responsivegriditem-bottom">
		<div class="cart-actions clearfix">
			<form id="form-1454547" data-product-id="1454547" data-is-hidden="false" data-is-disabled="false" data-is-ship-to-home="false" data-max-qty="99" data-remaining-stock="99" data-is-wine-moq-product="false" data-moq-val="1"><div class="quantity-picker">
			<input type="hidden" value="secondchoice">
					<input type="hidden" value="1" id="4122086112_1454547_quantity" data-minstock="1">
				</div>
	<input type="hidden" id="4122086112_maxQty" value="99">
		<input type="hidden" id="4122086112_remainingStock" value="99">
		<input type="hidden" id="4122086112_productId" value="1454547">
		<input type="hidden" name="isWineMOQProduct" value="false">
		<input type="hidden" id="4122086112_moqval" value="1">
			<bootstrap class="vue-instance-init">
			<add-to-bucket :product="{&quot;productAvailableAtContext&quot;:true,&quot;smallImageUrl&quot;:&quot;https://images.heb.com/is/image/HEBGrocery/prd-small/h-e-b-select-ingredients-nbsp-baby-spring-mix-001454547.jpg&quot;,&quot;isPrimoPick&quot;:false,&quot;isBestAvailable&quot;:false,&quot;isOnAd&quot;:false,&quot;defaultLevelOneCategory&quot;:&quot;{name=Fruit &amp; Vegetables, id=490020}&quot;,&quot;displayName&quot;:&quot;H-E-B Select Ingredients&amp;amp;nbsp;Baby Spring Mix&quot;,&quot;thumbnailMediumImageUrl&quot;:&quot;https://images.heb.com/is/image/HEBGrocery/prd-thumbnail-medium/h-e-b-select-ingredients-nbsp-baby-spring-mix-001454547.jpg&quot;,&quot;showOnlineMarketingBug&quot;:false,&quot;pdpUrl&quot;:&quot;/product-detail/h-e-b-select-ingredients-nbsp-baby-spring-mix/1454547&quot;,&quot;snipes&quot;:[{&quot;largeImageUrl&quot;:&quot;https://images.heb.com/is/image/HEBGrocery/snp-large/snipe-shh.jpg&quot;,&quot;name&quot;:&quot;HEART HEALTHY&quot;,&quot;description&quot;:&quot;Low in fat, sat. fat, &amp;amp; cholesterol; =600 mg sodium; 10% DV of at least 1: Vit. A, C, Calcium, Iron, Fiber or Protein per serving. While many factors affect heart disease, diets low in saturated fat and cholesterol may reduce the risk of this disease.&quot;,&quot;position&quot;:1,&quot;mediumImageUrl&quot;:&quot;https://images.heb.com/is/image/HEBGrocery/snp-medium/snipe-shh.jpg&quot;}],&quot;defaultBreadCrumb&quot;:[{&quot;displayName&quot;:&quot;Shop&quot;},{&quot;displayName&quot;:&quot;Fruit &amp;amp; Vegetables&quot;},{&quot;displayName&quot;:&quot;Vegetables&quot;},{&quot;displayName&quot;:&quot;Lettuce &amp;amp; Leafy Greens&quot;}],&quot;mediumImageUrl&quot;:&quot;https://images.heb.com/is/image/HEBGrocery/prd-medium/h-e-b-select-ingredients-nbsp-baby-spring-mix-001454547.jpg&quot;,&quot;defaultSku&quot;:{&quot;unitWeight&quot;:0.815,&quot;priceInfo&quot;:{&quot;salePrice&quot;:{&quot;unit&quot;:&quot;each&quot;,&quot;formatted&quot;:&quot;$3.25&quot;,&quot;listPriceAmountRounded&quot;:3.25},&quot;priceType&quot;:&quot;EACH&quot;,&quot;listPrice&quot;:{&quot;unit&quot;:&quot;each&quot;,&quot;formatted&quot;:&quot;$3.25&quot;,&quot;listPriceAmountRounded&quot;:3.25}},&quot;thumbnailImageUrl&quot;:&quot;https://images.heb.com/is/image/HEBGrocery/prd-thumbnail/h-e-b-select-ingredients-nbsp-baby-spring-mix-001454547.jpg&quot;,&quot;couponIds&quot;:[],&quot;availableCouponIds&quot;:[],&quot;unitOfMeasure&quot;:&quot;oz&quot;,&quot;displayName&quot;:&quot;Select Ingredients&amp;amp;nbsp;Baby Spring Mix&quot;,&quot;onSale&quot;:false,&quot;sceneSevenImage&quot;:&quot;001454547&quot;,&quot;weightSelectionIncrements&quot;:[],&quot;customerFriendlySize&quot;:&quot;10 oz&quot;,&quot;id&quot;:&quot;4122086112&quot;,&quot;customerPurchaseChoice&quot;:&quot;EACH&quot;},&quot;minimumOrderQuantityProduct&quot;:false,&quot;minimumOrderQuantity&quot;:1,&quot;maximumOrderQuantity&quot;:99,&quot;thumbnailImageUrl&quot;:&quot;https://images.heb.com/is/image/HEBGrocery/prd-thumbnail/h-e-b-select-ingredients-nbsp-baby-spring-mix-001454547.jpg&quot;,&quot;pricedByWeight&quot;:false,&quot;formattedSalePrice&quot;:&quot;$3.25 each&quot;,&quot;addToCartAllowed&quot;:true,&quot;randomWeight&quot;:false,&quot;addToCartDisabled&quot;:false,&quot;onSale&quot;:false,&quot;id&quot;:&quot;1454547&quot;,&quot;brand&quot;:&quot;H-E-B&quot;,&quot;ownBrand&quot;:true,&quot;fulfillmentChannel&quot;:5005,&quot;storeAssortment&quot;:{&quot;marketingBugKey&quot;:&quot;&quot;,&quot;marketingBugDescription&quot;:&quot;&quot;,&quot;smallImageMarketingBugUrl&quot;:&quot;&quot;}}" bucket="cart" size="normal" listname="Search Results page" button-type="nonspa"></add-to-bucket>
		</bootstrap>
		<button data-action-requires-cookies="" class="cart-add-list btn btn-list btn-full-width mar-bot-0" title="Add to list" onclick="javascript:displayDropdown(this); return false;">Add to list</button>
							<!-- TODO Get this functionality for the vue version -->
							<div class="atl-container product-record" style="display: none;">
								<div class="atl-container-triangle"></div>
								<ul class="shoppingListSelector">
									<li>
											
											<a onclick="javascript:addToListFromPDP(&#39;1454547&#39;, &#39;4122086112&#39;, &#39;gl9476736530&#39;); return false;" href="file:///C:/Users/Christopher/flask-tutorial/heb_lettuce_search.html#" data-shoppinglistid="gl9476736530">My List</a></li>
									</ul>
							</div>
						</form></div>
	</div>

	<script type="application/ld+json" id="gtm-product-click-1454547">
{	
	"event": "e_productClick",
	"ecommerce": {
		"click": {
			"actionField": { "list": "Search Results page" },
			"products": [{ 
				"name": "H-E-B Select Ingredients&nbsp;Baby Spring Mix", 
				"id": "1454547", 
				"category": "Fruit & Vegetables/Vegetables/Lettuce & Leafy Greens", 
				"brand": "H-E-B", 
				"variant": "each",
				"price": 3.25,
				"position": 45, 
				"dimension26": "true",
				"dimension40": "default"
			}]
		}
	}
}
</script>

<script type="application/json" id="gtm-add-to-list-product-1454547">
	
	[{
		"event": "e_addToList",
		"ecommerce": {
			"add": {
				"actionField": {"list": "Search Results page"},
				"products": [{	
					"name": "H-E-B Select Ingredients&nbsp;Baby Spring Mix", 
					"id": "1454547", 
					"category": "Fruit & Vegetables",
					"brand": "H-E-B", 
					"variant": "each", 
					"price": 3.25,
					"quantity": 1, 
					"dimension26": "true"
				}]
			}
		}
	}
	
	,{
		"event": "e_productClick",
		"ecommerce": {
			"click": {
				"actionField": {"list": "Search Results page"},
				"products": [{ 
					"name": "H-E-B Select Ingredients&nbsp;Baby Spring Mix", 
					"id": "1454547", 
					"category": "Fruit & Vegetables",
					"brand": "H-E-B", 
					"variant": "each", 
					"price": 3.25,
					"position": 45,
					"dimension25": "product add to list",
					"dimension26": "true",
					"dimension40": "default"
				}]
			}
		}
	}
	
	]
	</script>

<input type="hidden" class="one-to-one-product" value="false"></li><li class="responsivegriditem product-grid-large-fifth product-grid-small-6" role="group">
		<a id="product-984622" href="file:///C:/product-detail/h-e-b-select-ingredients-baby-spring-mix/984622" aria-label="H-E-B Select Ingredients Baby Spring Mix,
		5 oz,
		$1.83 each. Features:  HEART HEALTHY.  SELECT INGREDIENTS." class="responsivegriditem__aria-link-wrap">
		<div class="responsivegriditem-top " onclick="gtm_e_productClick(&#39;gtm-product-click-984622&#39;);">

			<div class="cat-feature clearfix">
				<div class="cat-feature-list clearfix">
   		<img src="./heb_lettuce_search_files/snipe-shh.jpg" title="HEART HEALTHY">
	    		<img src="./heb_lettuce_search_files/snipe-shsi.jpg" title="SELECT INGREDIENTS">
	    		</div></div>
			<div class="cat-list-img gtm-product ">

				<img data-src="https://images.heb.com/is/image/HEBGrocery/prd-small/h-e-b-select-ingredients-baby-spring-mix-000984622.jpg" alt="" class="lazyload"><script type="application/ld+json">
{	
	"name": "H-E-B Select Ingredients Baby Spring Mix", 
	"id": "984622", 
	"category": "Fruit & Vegetables/Vegetables/Lettuce & Leafy Greens",
	"brand": "H-E-B", 
	"variant": "each", 
	"price": 1.83,
	"list": "Search Results page",
	"position": "46",
	"dimension26": "true",
	"dimension40": "default"
}
</script>

</div>
			</div>
	
		<div class="responsivegriditem-middle ">
			<div class="responsivegriditem__title" onclick="gtm_e_productClick(&#39;gtm-product-click-984622&#39;);">
					<span class="responsivegriditem__title">
					H-E-B Select Ingredients Baby Spring Mix, <span class="item-size">5 oz</span></span></div>
			<div class="responsivegriditem__rating-container">
				<div class="cat-star clearfix">
    <div class=""><img src="file:///C:/img/stars/smallstaroff.png" alt=""></div>
			<div class=""><img src="file:///C:/img/stars/smallstaroff.png" alt=""></div>
			<div class=""><img src="file:///C:/img/stars/smallstaroff.png" alt=""></div>
			<div class=""><img src="file:///C:/img/stars/smallstaroff.png" alt=""></div>
			<div class="last-star"><img src="file:///C:/img/stars/smallstaroff.png" alt=""></div>
			</div></div>

			<div class="cat-price">
            <div class="responsivegriditem__price-label"></div>
                    <span class="cat-price-number">
                        $1.83 each</span>
                <span class="cat-sale-price-container">
                <span class="uomSalePrice">
                        ($0.37/oz)
                    </span>
                </span>
        </div><div class="cdp-moq">
				</div>
		</div>
	</a>
	<div class="responsivegriditem-bottom">
		<div class="cart-actions clearfix">
			<form id="form-984622" data-product-id="984622" data-is-hidden="false" data-is-disabled="false" data-is-ship-to-home="false" data-max-qty="99" data-remaining-stock="99" data-is-wine-moq-product="false" data-moq-val="1"><div class="quantity-picker">
			<input type="hidden" value="secondchoice">
					<input type="hidden" value="1" id="4122019752_984622_quantity" data-minstock="1">
				</div>
	<input type="hidden" id="4122019752_maxQty" value="99">
		<input type="hidden" id="4122019752_remainingStock" value="99">
		<input type="hidden" id="4122019752_productId" value="984622">
		<input type="hidden" name="isWineMOQProduct" value="false">
		<input type="hidden" id="4122019752_moqval" value="1">
			<bootstrap class="vue-instance-init">
			<add-to-bucket :product="{&quot;productAvailableAtContext&quot;:true,&quot;smallImageUrl&quot;:&quot;https://images.heb.com/is/image/HEBGrocery/prd-small/h-e-b-select-ingredients-baby-spring-mix-000984622.jpg&quot;,&quot;isPrimoPick&quot;:false,&quot;isBestAvailable&quot;:false,&quot;isOnAd&quot;:false,&quot;defaultLevelOneCategory&quot;:&quot;{name=Fruit &amp; Vegetables, id=490020}&quot;,&quot;displayName&quot;:&quot;H-E-B Select Ingredients Baby Spring Mix&quot;,&quot;thumbnailMediumImageUrl&quot;:&quot;https://images.heb.com/is/image/HEBGrocery/prd-thumbnail-medium/h-e-b-select-ingredients-baby-spring-mix-000984622.jpg&quot;,&quot;showOnlineMarketingBug&quot;:false,&quot;pdpUrl&quot;:&quot;/product-detail/h-e-b-select-ingredients-baby-spring-mix/984622&quot;,&quot;snipes&quot;:[{&quot;largeImageUrl&quot;:&quot;https://images.heb.com/is/image/HEBGrocery/snp-large/snipe-shh.jpg&quot;,&quot;name&quot;:&quot;HEART HEALTHY&quot;,&quot;description&quot;:&quot;Low in fat, sat. fat, &amp;amp; cholesterol; =600 mg sodium; 10% DV of at least 1: Vit. A, C, Calcium, Iron, Fiber or Protein per serving. While many factors affect heart disease, diets low in saturated fat and cholesterol may reduce the risk of this disease.&quot;,&quot;position&quot;:1,&quot;mediumImageUrl&quot;:&quot;https://images.heb.com/is/image/HEBGrocery/snp-medium/snipe-shh.jpg&quot;},{&quot;largeImageUrl&quot;:&quot;https://images.heb.com/is/image/HEBGrocery/snp-large/snipe-shsi.jpg&quot;,&quot;name&quot;:&quot;SELECT INGREDIENTS&quot;,&quot;description&quot;:&quot;With H-E-B® select ingredients, you will enjoy foods with carefully chosen ingredients. We never use high fructose corn syrup or hundreds of other synthetic ingredients that may be used in processed foods. For a complete list of ingredients not allowed in H-E-B® select ingredients and a list of additional products to add to your shopping list visit heb.com/select&quot;,&quot;position&quot;:1,&quot;mediumImageUrl&quot;:&quot;https://images.heb.com/is/image/HEBGrocery/snp-medium/snipe-shsi.jpg&quot;}],&quot;defaultBreadCrumb&quot;:[{&quot;displayName&quot;:&quot;Shop&quot;},{&quot;displayName&quot;:&quot;Fruit &amp;amp; Vegetables&quot;},{&quot;displayName&quot;:&quot;Vegetables&quot;},{&quot;displayName&quot;:&quot;Lettuce &amp;amp; Leafy Greens&quot;}],&quot;mediumImageUrl&quot;:&quot;https://images.heb.com/is/image/HEBGrocery/prd-medium/h-e-b-select-ingredients-baby-spring-mix-000984622.jpg&quot;,&quot;defaultSku&quot;:{&quot;unitWeight&quot;:0.335,&quot;priceInfo&quot;:{&quot;salePrice&quot;:{&quot;unit&quot;:&quot;each&quot;,&quot;formatted&quot;:&quot;$1.83&quot;,&quot;listPriceAmountRounded&quot;:1.83},&quot;priceType&quot;:&quot;EACH&quot;,&quot;listPrice&quot;:{&quot;unit&quot;:&quot;each&quot;,&quot;formatted&quot;:&quot;$1.83&quot;,&quot;listPriceAmountRounded&quot;:1.83}},&quot;thumbnailImageUrl&quot;:&quot;https://images.heb.com/is/image/HEBGrocery/prd-thumbnail/h-e-b-select-ingredients-baby-spring-mix-000984622.jpg&quot;,&quot;couponIds&quot;:[],&quot;availableCouponIds&quot;:[],&quot;unitOfMeasure&quot;:&quot;oz&quot;,&quot;displayName&quot;:&quot;Select Ingredients Baby Spring Mix&quot;,&quot;onSale&quot;:false,&quot;sceneSevenImage&quot;:&quot;000984622&quot;,&quot;weightSelectionIncrements&quot;:[],&quot;customerFriendlySize&quot;:&quot;5 oz&quot;,&quot;id&quot;:&quot;4122019752&quot;,&quot;customerPurchaseChoice&quot;:&quot;EACH&quot;},&quot;minimumOrderQuantityProduct&quot;:false,&quot;minimumOrderQuantity&quot;:1,&quot;maximumOrderQuantity&quot;:99,&quot;thumbnailImageUrl&quot;:&quot;https://images.heb.com/is/image/HEBGrocery/prd-thumbnail/h-e-b-select-ingredients-baby-spring-mix-000984622.jpg&quot;,&quot;pricedByWeight&quot;:false,&quot;formattedSalePrice&quot;:&quot;$1.83 each&quot;,&quot;addToCartAllowed&quot;:true,&quot;randomWeight&quot;:false,&quot;addToCartDisabled&quot;:false,&quot;onSale&quot;:false,&quot;id&quot;:&quot;984622&quot;,&quot;brand&quot;:&quot;H-E-B&quot;,&quot;ownBrand&quot;:true,&quot;fulfillmentChannel&quot;:5005,&quot;storeAssortment&quot;:{&quot;marketingBugKey&quot;:&quot;&quot;,&quot;marketingBugDescription&quot;:&quot;&quot;,&quot;smallImageMarketingBugUrl&quot;:&quot;&quot;}}" bucket="cart" size="normal" listname="Search Results page" button-type="nonspa"></add-to-bucket>
		</bootstrap>
		<button data-action-requires-cookies="" class="cart-add-list btn btn-list btn-full-width mar-bot-0" title="Add to list" onclick="javascript:displayDropdown(this); return false;">Add to list</button>
							<!-- TODO Get this functionality for the vue version -->
							<div class="atl-container product-record" style="display: none;">
								<div class="atl-container-triangle"></div>
								<ul class="shoppingListSelector">
									<li>
											
											<a onclick="javascript:addToListFromPDP(&#39;984622&#39;, &#39;4122019752&#39;, &#39;gl9476736530&#39;); return false;" href="file:///C:/Users/Christopher/flask-tutorial/heb_lettuce_search.html#" data-shoppinglistid="gl9476736530">My List</a></li>
									</ul>
							</div>
						</form></div>
	</div>

	<script type="application/ld+json" id="gtm-product-click-984622">
{	
	"event": "e_productClick",
	"ecommerce": {
		"click": {
			"actionField": { "list": "Search Results page" },
			"products": [{ 
				"name": "H-E-B Select Ingredients Baby Spring Mix", 
				"id": "984622", 
				"category": "Fruit & Vegetables/Vegetables/Lettuce & Leafy Greens", 
				"brand": "H-E-B", 
				"variant": "each",
				"price": 1.83,
				"position": 46, 
				"dimension26": "true",
				"dimension40": "default"
			}]
		}
	}
}
</script>

<script type="application/json" id="gtm-add-to-list-product-984622">
	
	[{
		"event": "e_addToList",
		"ecommerce": {
			"add": {
				"actionField": {"list": "Search Results page"},
				"products": [{	
					"name": "H-E-B Select Ingredients Baby Spring Mix", 
					"id": "984622", 
					"category": "Fruit & Vegetables",
					"brand": "H-E-B", 
					"variant": "each", 
					"price": 1.83,
					"quantity": 1, 
					"dimension26": "true"
				}]
			}
		}
	}
	
	,{
		"event": "e_productClick",
		"ecommerce": {
			"click": {
				"actionField": {"list": "Search Results page"},
				"products": [{ 
					"name": "H-E-B Select Ingredients Baby Spring Mix", 
					"id": "984622", 
					"category": "Fruit & Vegetables",
					"brand": "H-E-B", 
					"variant": "each", 
					"price": 1.83,
					"position": 46,
					"dimension25": "product add to list",
					"dimension26": "true",
					"dimension40": "default"
				}]
			}
		}
	}
	
	]
	</script>

<input type="hidden" class="one-to-one-product" value="false"></li><li class="responsivegriditem product-grid-large-fifth product-grid-small-6" role="group">
		<a id="product-1454549" href="file:///C:/product-detail/h-e-b-select-ingredients-nbsp-baby-spinach-spring-mix/1454549" aria-label="H-E-B Select Ingredients Baby Spinach &amp; Spring Mix,
		10 oz,
		$3.25 each. Features:  HEART HEALTHY.  SELECT INGREDIENTS." class="responsivegriditem__aria-link-wrap">
		<div class="responsivegriditem-top " onclick="gtm_e_productClick(&#39;gtm-product-click-1454549&#39;);">

			<div class="cat-feature clearfix">
				<div class="cat-feature-list clearfix">
   		<img src="./heb_lettuce_search_files/snipe-shh.jpg" title="HEART HEALTHY">
	    		<img src="./heb_lettuce_search_files/snipe-shsi.jpg" title="SELECT INGREDIENTS">
	    		</div></div>
			<div class="cat-list-img gtm-product ">

				<img data-src="https://images.heb.com/is/image/HEBGrocery/prd-small/h-e-b-select-ingredients-nbsp-baby-spinach-spring-mix-001454549.jpg" alt="" class="lazyload"><script type="application/ld+json">
{	
	"name": "H-E-B Select Ingredients&nbsp;Baby Spinach & Spring Mix", 
	"id": "1454549", 
	"category": "Fruit & Vegetables/Vegetables/Lettuce & Leafy Greens",
	"brand": "H-E-B", 
	"variant": "each", 
	"price": 3.25,
	"list": "Search Results page",
	"position": "47",
	"dimension26": "true",
	"dimension40": "default"
}
</script>

</div>
			</div>
	
		<div class="responsivegriditem-middle ">
			<div class="responsivegriditem__title" onclick="gtm_e_productClick(&#39;gtm-product-click-1454549&#39;);">
					<span class="responsivegriditem__title">
					H-E-B Select Ingredients&nbsp;Baby Spinach &amp; Spring Mix, <span class="item-size">10 oz</span></span></div>
			<div class="responsivegriditem__rating-container">
				<div class="cat-star clearfix">
    <div class=""><img src="file:///C:/img/stars/smallstaroff.png" alt=""></div>
			<div class=""><img src="file:///C:/img/stars/smallstaroff.png" alt=""></div>
			<div class=""><img src="file:///C:/img/stars/smallstaroff.png" alt=""></div>
			<div class=""><img src="file:///C:/img/stars/smallstaroff.png" alt=""></div>
			<div class="last-star"><img src="file:///C:/img/stars/smallstaroff.png" alt=""></div>
			</div></div>

			<div class="cat-price">
            <div class="responsivegriditem__price-label"></div>
                    <span class="cat-price-number">
                        $3.25 each</span>
                <span class="cat-sale-price-container">
                <span class="uomSalePrice">
                        ($0.33/oz)
                    </span>
                </span>
        </div><div class="cdp-moq">
				</div>
		</div>
	</a>
	<div class="responsivegriditem-bottom">
		<div class="cart-actions clearfix">
			<form id="form-1454549" data-product-id="1454549" data-is-hidden="false" data-is-disabled="false" data-is-ship-to-home="false" data-max-qty="99" data-remaining-stock="99" data-is-wine-moq-product="false" data-moq-val="1"><div class="quantity-picker">
			<input type="hidden" value="secondchoice">
					<input type="hidden" value="1" id="4122086113_1454549_quantity" data-minstock="1">
				</div>
	<input type="hidden" id="4122086113_maxQty" value="99">
		<input type="hidden" id="4122086113_remainingStock" value="99">
		<input type="hidden" id="4122086113_productId" value="1454549">
		<input type="hidden" name="isWineMOQProduct" value="false">
		<input type="hidden" id="4122086113_moqval" value="1">
			<bootstrap class="vue-instance-init">
			<add-to-bucket :product="{&quot;productAvailableAtContext&quot;:true,&quot;smallImageUrl&quot;:&quot;https://images.heb.com/is/image/HEBGrocery/prd-small/h-e-b-select-ingredients-nbsp-baby-spinach-spring-mix-001454549.jpg&quot;,&quot;isPrimoPick&quot;:false,&quot;isBestAvailable&quot;:false,&quot;isOnAd&quot;:false,&quot;defaultLevelOneCategory&quot;:&quot;{name=Fruit &amp; Vegetables, id=490020}&quot;,&quot;displayName&quot;:&quot;H-E-B Select Ingredients&amp;amp;nbsp;Baby Spinach &amp;amp; Spring Mix&quot;,&quot;thumbnailMediumImageUrl&quot;:&quot;https://images.heb.com/is/image/HEBGrocery/prd-thumbnail-medium/h-e-b-select-ingredients-nbsp-baby-spinach-spring-mix-001454549.jpg&quot;,&quot;showOnlineMarketingBug&quot;:false,&quot;pdpUrl&quot;:&quot;/product-detail/h-e-b-select-ingredients-nbsp-baby-spinach-spring-mix/1454549&quot;,&quot;snipes&quot;:[{&quot;largeImageUrl&quot;:&quot;https://images.heb.com/is/image/HEBGrocery/snp-large/snipe-shh.jpg&quot;,&quot;name&quot;:&quot;HEART HEALTHY&quot;,&quot;description&quot;:&quot;Low in fat, sat. fat, &amp;amp; cholesterol; =600 mg sodium; 10% DV of at least 1: Vit. A, C, Calcium, Iron, Fiber or Protein per serving. While many factors affect heart disease, diets low in saturated fat and cholesterol may reduce the risk of this disease.&quot;,&quot;position&quot;:1,&quot;mediumImageUrl&quot;:&quot;https://images.heb.com/is/image/HEBGrocery/snp-medium/snipe-shh.jpg&quot;},{&quot;largeImageUrl&quot;:&quot;https://images.heb.com/is/image/HEBGrocery/snp-large/snipe-shsi.jpg&quot;,&quot;name&quot;:&quot;SELECT INGREDIENTS&quot;,&quot;description&quot;:&quot;With H-E-B® select ingredients, you will enjoy foods with carefully chosen ingredients. We never use high fructose corn syrup or hundreds of other synthetic ingredients that may be used in processed foods. For a complete list of ingredients not allowed in H-E-B® select ingredients and a list of additional products to add to your shopping list visit heb.com/select&quot;,&quot;position&quot;:1,&quot;mediumImageUrl&quot;:&quot;https://images.heb.com/is/image/HEBGrocery/snp-medium/snipe-shsi.jpg&quot;}],&quot;defaultBreadCrumb&quot;:[{&quot;displayName&quot;:&quot;Shop&quot;},{&quot;displayName&quot;:&quot;Fruit &amp;amp; Vegetables&quot;},{&quot;displayName&quot;:&quot;Vegetables&quot;},{&quot;displayName&quot;:&quot;Lettuce &amp;amp; Leafy Greens&quot;}],&quot;mediumImageUrl&quot;:&quot;https://images.heb.com/is/image/HEBGrocery/prd-medium/h-e-b-select-ingredients-nbsp-baby-spinach-spring-mix-001454549.jpg&quot;,&quot;defaultSku&quot;:{&quot;unitWeight&quot;:0.915,&quot;priceInfo&quot;:{&quot;salePrice&quot;:{&quot;unit&quot;:&quot;each&quot;,&quot;formatted&quot;:&quot;$3.25&quot;,&quot;listPriceAmountRounded&quot;:3.25},&quot;priceType&quot;:&quot;EACH&quot;,&quot;listPrice&quot;:{&quot;unit&quot;:&quot;each&quot;,&quot;formatted&quot;:&quot;$3.25&quot;,&quot;listPriceAmountRounded&quot;:3.25}},&quot;thumbnailImageUrl&quot;:&quot;https://images.heb.com/is/image/HEBGrocery/prd-thumbnail/h-e-b-select-ingredients-nbsp-baby-spinach-spring-mix-001454549.jpg&quot;,&quot;couponIds&quot;:[],&quot;availableCouponIds&quot;:[],&quot;unitOfMeasure&quot;:&quot;oz&quot;,&quot;displayName&quot;:&quot;Select Ingredients&amp;amp;nbsp;Baby Spinach &amp;amp; Spring Mix&quot;,&quot;onSale&quot;:false,&quot;sceneSevenImage&quot;:&quot;001454549&quot;,&quot;weightSelectionIncrements&quot;:[],&quot;customerFriendlySize&quot;:&quot;10 oz&quot;,&quot;id&quot;:&quot;4122086113&quot;,&quot;customerPurchaseChoice&quot;:&quot;EACH&quot;},&quot;minimumOrderQuantityProduct&quot;:false,&quot;minimumOrderQuantity&quot;:1,&quot;maximumOrderQuantity&quot;:99,&quot;thumbnailImageUrl&quot;:&quot;https://images.heb.com/is/image/HEBGrocery/prd-thumbnail/h-e-b-select-ingredients-nbsp-baby-spinach-spring-mix-001454549.jpg&quot;,&quot;pricedByWeight&quot;:false,&quot;formattedSalePrice&quot;:&quot;$3.25 each&quot;,&quot;addToCartAllowed&quot;:true,&quot;randomWeight&quot;:false,&quot;addToCartDisabled&quot;:false,&quot;onSale&quot;:false,&quot;id&quot;:&quot;1454549&quot;,&quot;brand&quot;:&quot;H-E-B&quot;,&quot;ownBrand&quot;:true,&quot;fulfillmentChannel&quot;:5005,&quot;storeAssortment&quot;:{&quot;marketingBugKey&quot;:&quot;&quot;,&quot;marketingBugDescription&quot;:&quot;&quot;,&quot;smallImageMarketingBugUrl&quot;:&quot;&quot;}}" bucket="cart" size="normal" listname="Search Results page" button-type="nonspa"></add-to-bucket>
		</bootstrap>
		<button data-action-requires-cookies="" class="cart-add-list btn btn-list btn-full-width mar-bot-0" title="Add to list" onclick="javascript:displayDropdown(this); return false;">Add to list</button>
							<!-- TODO Get this functionality for the vue version -->
							<div class="atl-container product-record" style="display: none;">
								<div class="atl-container-triangle"></div>
								<ul class="shoppingListSelector">
									<li>
											
											<a onclick="javascript:addToListFromPDP(&#39;1454549&#39;, &#39;4122086113&#39;, &#39;gl9476736530&#39;); return false;" href="file:///C:/Users/Christopher/flask-tutorial/heb_lettuce_search.html#" data-shoppinglistid="gl9476736530">My List</a></li>
									</ul>
							</div>
						</form></div>
	</div>

	<script type="application/ld+json" id="gtm-product-click-1454549">
{	
	"event": "e_productClick",
	"ecommerce": {
		"click": {
			"actionField": { "list": "Search Results page" },
			"products": [{ 
				"name": "H-E-B Select Ingredients&nbsp;Baby Spinach & Spring Mix", 
				"id": "1454549", 
				"category": "Fruit & Vegetables/Vegetables/Lettuce & Leafy Greens", 
				"brand": "H-E-B", 
				"variant": "each",
				"price": 3.25,
				"position": 47, 
				"dimension26": "true",
				"dimension40": "default"
			}]
		}
	}
}
</script>

<script type="application/json" id="gtm-add-to-list-product-1454549">
	
	[{
		"event": "e_addToList",
		"ecommerce": {
			"add": {
				"actionField": {"list": "Search Results page"},
				"products": [{	
					"name": "H-E-B Select Ingredients&nbsp;Baby Spinach & Spring Mix", 
					"id": "1454549", 
					"category": "Fruit & Vegetables",
					"brand": "H-E-B", 
					"variant": "each", 
					"price": 3.25,
					"quantity": 1, 
					"dimension26": "true"
				}]
			}
		}
	}
	
	,{
		"event": "e_productClick",
		"ecommerce": {
			"click": {
				"actionField": {"list": "Search Results page"},
				"products": [{ 
					"name": "H-E-B Select Ingredients&nbsp;Baby Spinach & Spring Mix", 
					"id": "1454549", 
					"category": "Fruit & Vegetables",
					"brand": "H-E-B", 
					"variant": "each", 
					"price": 3.25,
					"position": 47,
					"dimension25": "product add to list",
					"dimension26": "true",
					"dimension40": "default"
				}]
			}
		}
	}
	
	]
	</script>

<input type="hidden" class="one-to-one-product" value="false"></li><li class="responsivegriditem product-grid-large-fifth product-grid-small-6" role="group">
		<a id="product-1709400" href="file:///C:/product-detail/h-e-b-organics-hearts-of-romaine-nbsp-/1709400" aria-label="H-E-B Organics Hearts Of Romaine ,
		9 oz,
		$2.97 each. Features:  ORGANIC.  HEART HEALTHY." class="responsivegriditem__aria-link-wrap">
		<div class="responsivegriditem-top " onclick="gtm_e_productClick(&#39;gtm-product-click-1709400&#39;);">

			<div class="cat-feature clearfix">
				<div class="cat-feature-list clearfix">
   		<img src="./heb_lettuce_search_files/snipe-so95.jpg" title="ORGANIC">
	    		<img src="./heb_lettuce_search_files/snipe-shh.jpg" title="HEART HEALTHY">
	    		</div></div>
			<div class="cat-list-img gtm-product ">

				<img data-src="https://images.heb.com/is/image/HEBGrocery/prd-small/h-e-b-organics-hearts-of-romaine-nbsp--001709400.jpg" alt="" class="lazyload"><script type="application/ld+json">
{	
	"name": "H-E-B Organics Hearts Of Romaine&nbsp;", 
	"id": "1709400", 
	"category": "Fruit & Vegetables/Vegetables/Lettuce & Leafy Greens",
	"brand": "H-E-B", 
	"variant": "each", 
	"price": 2.97,
	"list": "Search Results page",
	"position": "48",
	"dimension26": "true",
	"dimension40": "default"
}
</script>

</div>
			</div>
	
		<div class="responsivegriditem-middle ">
			<div class="responsivegriditem__title" onclick="gtm_e_productClick(&#39;gtm-product-click-1709400&#39;);">
					<span class="responsivegriditem__title">
					H-E-B Organics Hearts Of Romaine&nbsp;, <span class="item-size">9 oz</span></span></div>
			<div class="responsivegriditem__rating-container">
				<div class="cat-star clearfix">
    <div class=""><img src="file:///C:/img/stars/smallstaroff.png" alt=""></div>
			<div class=""><img src="file:///C:/img/stars/smallstaroff.png" alt=""></div>
			<div class=""><img src="file:///C:/img/stars/smallstaroff.png" alt=""></div>
			<div class=""><img src="file:///C:/img/stars/smallstaroff.png" alt=""></div>
			<div class="last-star"><img src="file:///C:/img/stars/smallstaroff.png" alt=""></div>
			</div></div>

			<div class="cat-price">
            <div class="responsivegriditem__price-label"></div>
                    <span class="cat-price-number">
                        $2.97 each</span>
                <span class="cat-sale-price-container">
                <span class="uomSalePrice">
                        ($0.30/oz)
                    </span>
                </span>
        </div><div class="cdp-moq">
				</div>
		</div>
	</a>
	<div class="responsivegriditem-bottom">
		<div class="cart-actions clearfix">
			<form id="form-1709400" data-product-id="1709400" data-is-hidden="false" data-is-disabled="false" data-is-ship-to-home="false" data-max-qty="99" data-remaining-stock="99" data-is-wine-moq-product="false" data-moq-val="1"><div class="quantity-picker">
			<input type="hidden" value="secondchoice">
					<input type="hidden" value="1" id="4122096812_1709400_quantity" data-minstock="1">
				</div>
	<input type="hidden" id="4122096812_maxQty" value="99">
		<input type="hidden" id="4122096812_remainingStock" value="99">
		<input type="hidden" id="4122096812_productId" value="1709400">
		<input type="hidden" name="isWineMOQProduct" value="false">
		<input type="hidden" id="4122096812_moqval" value="1">
			<bootstrap class="vue-instance-init">
			<add-to-bucket :product="{&quot;productAvailableAtContext&quot;:true,&quot;smallImageUrl&quot;:&quot;https://images.heb.com/is/image/HEBGrocery/prd-small/h-e-b-organics-hearts-of-romaine-nbsp--001709400.jpg&quot;,&quot;isPrimoPick&quot;:false,&quot;isBestAvailable&quot;:false,&quot;isOnAd&quot;:false,&quot;defaultLevelOneCategory&quot;:&quot;{name=Fruit &amp; Vegetables, id=490020}&quot;,&quot;displayName&quot;:&quot;H-E-B Organics Hearts Of Romaine&amp;amp;nbsp;&quot;,&quot;thumbnailMediumImageUrl&quot;:&quot;https://images.heb.com/is/image/HEBGrocery/prd-thumbnail-medium/h-e-b-organics-hearts-of-romaine-nbsp--001709400.jpg&quot;,&quot;showOnlineMarketingBug&quot;:false,&quot;pdpUrl&quot;:&quot;/product-detail/h-e-b-organics-hearts-of-romaine-nbsp-/1709400&quot;,&quot;snipes&quot;:[{&quot;largeImageUrl&quot;:&quot;https://images.heb.com/is/image/HEBGrocery/snp-large/snipe-so95.jpg&quot;,&quot;name&quot;:&quot;ORGANIC&quot;,&quot;description&quot;:&quot;At least 95% organic and meets USDA standards which prohibits the use of GMOs.&quot;,&quot;position&quot;:1,&quot;mediumImageUrl&quot;:&quot;https://images.heb.com/is/image/HEBGrocery/snp-medium/snipe-so95.jpg&quot;},{&quot;largeImageUrl&quot;:&quot;https://images.heb.com/is/image/HEBGrocery/snp-large/snipe-shh.jpg&quot;,&quot;name&quot;:&quot;HEART HEALTHY&quot;,&quot;description&quot;:&quot;Low in fat, sat. fat, &amp;amp; cholesterol; =600 mg sodium; 10% DV of at least 1: Vit. A, C, Calcium, Iron, Fiber or Protein per serving. While many factors affect heart disease, diets low in saturated fat and cholesterol may reduce the risk of this disease.&quot;,&quot;position&quot;:1,&quot;mediumImageUrl&quot;:&quot;https://images.heb.com/is/image/HEBGrocery/snp-medium/snipe-shh.jpg&quot;}],&quot;defaultBreadCrumb&quot;:[{&quot;displayName&quot;:&quot;Shop&quot;},{&quot;displayName&quot;:&quot;Fruit &amp;amp; Vegetables&quot;},{&quot;displayName&quot;:&quot;Vegetables&quot;},{&quot;displayName&quot;:&quot;Lettuce &amp;amp; Leafy Greens&quot;}],&quot;mediumImageUrl&quot;:&quot;https://images.heb.com/is/image/HEBGrocery/prd-medium/h-e-b-organics-hearts-of-romaine-nbsp--001709400.jpg&quot;,&quot;defaultSku&quot;:{&quot;unitWeight&quot;:0.625,&quot;priceInfo&quot;:{&quot;salePrice&quot;:{&quot;unit&quot;:&quot;each&quot;,&quot;formatted&quot;:&quot;$2.97&quot;,&quot;listPriceAmountRounded&quot;:2.97},&quot;priceType&quot;:&quot;EACH&quot;,&quot;listPrice&quot;:{&quot;unit&quot;:&quot;each&quot;,&quot;formatted&quot;:&quot;$2.97&quot;,&quot;listPriceAmountRounded&quot;:2.97}},&quot;thumbnailImageUrl&quot;:&quot;https://images.heb.com/is/image/HEBGrocery/prd-thumbnail/h-e-b-organics-hearts-of-romaine-nbsp--001709400.jpg&quot;,&quot;couponIds&quot;:[],&quot;availableCouponIds&quot;:[],&quot;unitOfMeasure&quot;:&quot;oz&quot;,&quot;displayName&quot;:&quot;Organics Hearts Of Romaine&amp;amp;nbsp;&quot;,&quot;onSale&quot;:false,&quot;sceneSevenImage&quot;:&quot;001709400&quot;,&quot;weightSelectionIncrements&quot;:[],&quot;customerFriendlySize&quot;:&quot;9 oz&quot;,&quot;id&quot;:&quot;4122096812&quot;,&quot;customerPurchaseChoice&quot;:&quot;EACH&quot;},&quot;minimumOrderQuantityProduct&quot;:false,&quot;minimumOrderQuantity&quot;:1,&quot;maximumOrderQuantity&quot;:99,&quot;thumbnailImageUrl&quot;:&quot;https://images.heb.com/is/image/HEBGrocery/prd-thumbnail/h-e-b-organics-hearts-of-romaine-nbsp--001709400.jpg&quot;,&quot;pricedByWeight&quot;:false,&quot;formattedSalePrice&quot;:&quot;$2.97 each&quot;,&quot;addToCartAllowed&quot;:true,&quot;randomWeight&quot;:false,&quot;addToCartDisabled&quot;:false,&quot;onSale&quot;:false,&quot;id&quot;:&quot;1709400&quot;,&quot;brand&quot;:&quot;H-E-B&quot;,&quot;ownBrand&quot;:true,&quot;fulfillmentChannel&quot;:5005,&quot;storeAssortment&quot;:{&quot;marketingBugKey&quot;:&quot;&quot;,&quot;marketingBugDescription&quot;:&quot;&quot;,&quot;smallImageMarketingBugUrl&quot;:&quot;&quot;}}" bucket="cart" size="normal" listname="Search Results page" button-type="nonspa"></add-to-bucket>
		</bootstrap>
		<button data-action-requires-cookies="" class="cart-add-list btn btn-list btn-full-width mar-bot-0" title="Add to list" onclick="javascript:displayDropdown(this); return false;">Add to list</button>
							<!-- TODO Get this functionality for the vue version -->
							<div class="atl-container product-record" style="display: none;">
								<div class="atl-container-triangle"></div>
								<ul class="shoppingListSelector">
									<li>
											
											<a onclick="javascript:addToListFromPDP(&#39;1709400&#39;, &#39;4122096812&#39;, &#39;gl9476736530&#39;); return false;" href="file:///C:/Users/Christopher/flask-tutorial/heb_lettuce_search.html#" data-shoppinglistid="gl9476736530">My List</a></li>
									</ul>
							</div>
						</form></div>
	</div>

	<script type="application/ld+json" id="gtm-product-click-1709400">
{	
	"event": "e_productClick",
	"ecommerce": {
		"click": {
			"actionField": { "list": "Search Results page" },
			"products": [{ 
				"name": "H-E-B Organics Hearts Of Romaine&nbsp;", 
				"id": "1709400", 
				"category": "Fruit & Vegetables/Vegetables/Lettuce & Leafy Greens", 
				"brand": "H-E-B", 
				"variant": "each",
				"price": 2.97,
				"position": 48, 
				"dimension26": "true",
				"dimension40": "default"
			}]
		}
	}
}
</script>

<script type="application/json" id="gtm-add-to-list-product-1709400">
	
	[{
		"event": "e_addToList",
		"ecommerce": {
			"add": {
				"actionField": {"list": "Search Results page"},
				"products": [{	
					"name": "H-E-B Organics Hearts Of Romaine&nbsp;", 
					"id": "1709400", 
					"category": "Fruit & Vegetables",
					"brand": "H-E-B", 
					"variant": "each", 
					"price": 2.97,
					"quantity": 1, 
					"dimension26": "true"
				}]
			}
		}
	}
	
	,{
		"event": "e_productClick",
		"ecommerce": {
			"click": {
				"actionField": {"list": "Search Results page"},
				"products": [{ 
					"name": "H-E-B Organics Hearts Of Romaine&nbsp;", 
					"id": "1709400", 
					"category": "Fruit & Vegetables",
					"brand": "H-E-B", 
					"variant": "each", 
					"price": 2.97,
					"position": 48,
					"dimension25": "product add to list",
					"dimension26": "true",
					"dimension40": "default"
				}]
			}
		}
	}
	
	]
	</script>

<input type="hidden" class="one-to-one-product" value="false"></li><li class="responsivegriditem product-grid-large-fifth product-grid-small-6" role="group">
		<a id="product-1709402" href="file:///C:/product-detail/h-e-b-organics-baby-spring-mix/1709402" aria-label="H-E-B Organics Baby Spring Mix,
		5 oz,
		$2.55 each. Features:  ORGANIC.  HEART HEALTHY." class="responsivegriditem__aria-link-wrap">
		<div class="responsivegriditem-top " onclick="gtm_e_productClick(&#39;gtm-product-click-1709402&#39;);">

			<div class="cat-feature clearfix">
				<div class="cat-feature-list clearfix">
   		<img src="./heb_lettuce_search_files/snipe-so95.jpg" title="ORGANIC">
	    		<img src="./heb_lettuce_search_files/snipe-shh.jpg" title="HEART HEALTHY">
	    		</div></div>
			<div class="cat-list-img gtm-product ">

				<img data-src="https://images.heb.com/is/image/HEBGrocery/prd-small/h-e-b-organics-baby-spring-mix-001709402.jpg" alt="" class="lazyload"><script type="application/ld+json">
{	
	"name": "H-E-B Organics Baby Spring Mix", 
	"id": "1709402", 
	"category": "Fruit & Vegetables/Vegetables/Lettuce & Leafy Greens",
	"brand": "H-E-B", 
	"variant": "each", 
	"price": 2.55,
	"list": "Search Results page",
	"position": "49",
	"dimension26": "true",
	"dimension40": "default"
}
</script>

</div>
			</div>
	
		<div class="responsivegriditem-middle ">
			<div class="responsivegriditem__title" onclick="gtm_e_productClick(&#39;gtm-product-click-1709402&#39;);">
					<span class="responsivegriditem__title">
					H-E-B Organics Baby Spring Mix, <span class="item-size">5 oz</span></span></div>
			<div class="responsivegriditem__rating-container">
				<div class="cat-star clearfix">
    <div class=""><img src="file:///C:/img/stars/smallstaroff.png" alt=""></div>
			<div class=""><img src="file:///C:/img/stars/smallstaroff.png" alt=""></div>
			<div class=""><img src="file:///C:/img/stars/smallstaroff.png" alt=""></div>
			<div class=""><img src="file:///C:/img/stars/smallstaroff.png" alt=""></div>
			<div class="last-star"><img src="file:///C:/img/stars/smallstaroff.png" alt=""></div>
			</div></div>

			<div class="cat-price">
            <div class="responsivegriditem__price-label"></div>
                    <span class="cat-price-number">
                        $2.55 each</span>
                <span class="cat-sale-price-container">
                <span class="uomSalePrice">
                        ($0.51/oz)
                    </span>
                </span>
        </div><div class="cdp-moq">
				</div>
		</div>
	</a>
	<div class="responsivegriditem-bottom">
		<div class="cart-actions clearfix">
			<form id="form-1709402" data-product-id="1709402" data-is-hidden="false" data-is-disabled="false" data-is-ship-to-home="false" data-max-qty="99" data-remaining-stock="99" data-is-wine-moq-product="false" data-moq-val="1"><div class="quantity-picker">
			<input type="hidden" value="secondchoice">
					<input type="hidden" value="1" id="4122096815_1709402_quantity" data-minstock="1">
				</div>
	<input type="hidden" id="4122096815_maxQty" value="99">
		<input type="hidden" id="4122096815_remainingStock" value="99">
		<input type="hidden" id="4122096815_productId" value="1709402">
		<input type="hidden" name="isWineMOQProduct" value="false">
		<input type="hidden" id="4122096815_moqval" value="1">
			<bootstrap class="vue-instance-init">
			<add-to-bucket :product="{&quot;productAvailableAtContext&quot;:true,&quot;smallImageUrl&quot;:&quot;https://images.heb.com/is/image/HEBGrocery/prd-small/h-e-b-organics-baby-spring-mix-001709402.jpg&quot;,&quot;isPrimoPick&quot;:false,&quot;isBestAvailable&quot;:false,&quot;isOnAd&quot;:false,&quot;defaultLevelOneCategory&quot;:&quot;{name=Fruit &amp; Vegetables, id=490020}&quot;,&quot;displayName&quot;:&quot;H-E-B Organics Baby Spring Mix&quot;,&quot;thumbnailMediumImageUrl&quot;:&quot;https://images.heb.com/is/image/HEBGrocery/prd-thumbnail-medium/h-e-b-organics-baby-spring-mix-001709402.jpg&quot;,&quot;showOnlineMarketingBug&quot;:false,&quot;pdpUrl&quot;:&quot;/product-detail/h-e-b-organics-baby-spring-mix/1709402&quot;,&quot;snipes&quot;:[{&quot;largeImageUrl&quot;:&quot;https://images.heb.com/is/image/HEBGrocery/snp-large/snipe-so95.jpg&quot;,&quot;name&quot;:&quot;ORGANIC&quot;,&quot;description&quot;:&quot;At least 95% organic and meets USDA standards which prohibits the use of GMOs.&quot;,&quot;position&quot;:1,&quot;mediumImageUrl&quot;:&quot;https://images.heb.com/is/image/HEBGrocery/snp-medium/snipe-so95.jpg&quot;},{&quot;largeImageUrl&quot;:&quot;https://images.heb.com/is/image/HEBGrocery/snp-large/snipe-shh.jpg&quot;,&quot;name&quot;:&quot;HEART HEALTHY&quot;,&quot;description&quot;:&quot;Low in fat, sat. fat, &amp;amp; cholesterol; =600 mg sodium; 10% DV of at least 1: Vit. A, C, Calcium, Iron, Fiber or Protein per serving. While many factors affect heart disease, diets low in saturated fat and cholesterol may reduce the risk of this disease.&quot;,&quot;position&quot;:1,&quot;mediumImageUrl&quot;:&quot;https://images.heb.com/is/image/HEBGrocery/snp-medium/snipe-shh.jpg&quot;}],&quot;defaultBreadCrumb&quot;:[{&quot;displayName&quot;:&quot;Shop&quot;},{&quot;displayName&quot;:&quot;Fruit &amp;amp; Vegetables&quot;},{&quot;displayName&quot;:&quot;Vegetables&quot;},{&quot;displayName&quot;:&quot;Lettuce &amp;amp; Leafy Greens&quot;}],&quot;mediumImageUrl&quot;:&quot;https://images.heb.com/is/image/HEBGrocery/prd-medium/h-e-b-organics-baby-spring-mix-001709402.jpg&quot;,&quot;defaultSku&quot;:{&quot;unitWeight&quot;:0.385,&quot;priceInfo&quot;:{&quot;salePrice&quot;:{&quot;unit&quot;:&quot;each&quot;,&quot;formatted&quot;:&quot;$2.55&quot;,&quot;listPriceAmountRounded&quot;:2.55},&quot;priceType&quot;:&quot;EACH&quot;,&quot;listPrice&quot;:{&quot;unit&quot;:&quot;each&quot;,&quot;formatted&quot;:&quot;$2.55&quot;,&quot;listPriceAmountRounded&quot;:2.55}},&quot;thumbnailImageUrl&quot;:&quot;https://images.heb.com/is/image/HEBGrocery/prd-thumbnail/h-e-b-organics-baby-spring-mix-001709402.jpg&quot;,&quot;couponIds&quot;:[],&quot;availableCouponIds&quot;:[],&quot;unitOfMeasure&quot;:&quot;oz&quot;,&quot;displayName&quot;:&quot;Organics Baby Spring Mix&quot;,&quot;onSale&quot;:false,&quot;sceneSevenImage&quot;:&quot;001709402&quot;,&quot;weightSelectionIncrements&quot;:[],&quot;customerFriendlySize&quot;:&quot;5 oz&quot;,&quot;id&quot;:&quot;4122096815&quot;,&quot;customerPurchaseChoice&quot;:&quot;EACH&quot;},&quot;minimumOrderQuantityProduct&quot;:false,&quot;minimumOrderQuantity&quot;:1,&quot;maximumOrderQuantity&quot;:99,&quot;thumbnailImageUrl&quot;:&quot;https://images.heb.com/is/image/HEBGrocery/prd-thumbnail/h-e-b-organics-baby-spring-mix-001709402.jpg&quot;,&quot;pricedByWeight&quot;:false,&quot;formattedSalePrice&quot;:&quot;$2.55 each&quot;,&quot;addToCartAllowed&quot;:true,&quot;randomWeight&quot;:false,&quot;addToCartDisabled&quot;:false,&quot;onSale&quot;:false,&quot;id&quot;:&quot;1709402&quot;,&quot;brand&quot;:&quot;H-E-B&quot;,&quot;ownBrand&quot;:true,&quot;fulfillmentChannel&quot;:5005,&quot;storeAssortment&quot;:{&quot;marketingBugKey&quot;:&quot;&quot;,&quot;marketingBugDescription&quot;:&quot;&quot;,&quot;smallImageMarketingBugUrl&quot;:&quot;&quot;}}" bucket="cart" size="normal" listname="Search Results page" button-type="nonspa"></add-to-bucket>
		</bootstrap>
		<button data-action-requires-cookies="" class="cart-add-list btn btn-list btn-full-width mar-bot-0" title="Add to list" onclick="javascript:displayDropdown(this); return false;">Add to list</button>
							<!-- TODO Get this functionality for the vue version -->
							<div class="atl-container product-record" style="display: none;">
								<div class="atl-container-triangle"></div>
								<ul class="shoppingListSelector">
									<li>
											
											<a onclick="javascript:addToListFromPDP(&#39;1709402&#39;, &#39;4122096815&#39;, &#39;gl9476736530&#39;); return false;" href="file:///C:/Users/Christopher/flask-tutorial/heb_lettuce_search.html#" data-shoppinglistid="gl9476736530">My List</a></li>
									</ul>
							</div>
						</form></div>
	</div>

	<script type="application/ld+json" id="gtm-product-click-1709402">
{	
	"event": "e_productClick",
	"ecommerce": {
		"click": {
			"actionField": { "list": "Search Results page" },
			"products": [{ 
				"name": "H-E-B Organics Baby Spring Mix", 
				"id": "1709402", 
				"category": "Fruit & Vegetables/Vegetables/Lettuce & Leafy Greens", 
				"brand": "H-E-B", 
				"variant": "each",
				"price": 2.55,
				"position": 49, 
				"dimension26": "true",
				"dimension40": "default"
			}]
		}
	}
}
</script>

<script type="application/json" id="gtm-add-to-list-product-1709402">
	
	[{
		"event": "e_addToList",
		"ecommerce": {
			"add": {
				"actionField": {"list": "Search Results page"},
				"products": [{	
					"name": "H-E-B Organics Baby Spring Mix", 
					"id": "1709402", 
					"category": "Fruit & Vegetables",
					"brand": "H-E-B", 
					"variant": "each", 
					"price": 2.55,
					"quantity": 1, 
					"dimension26": "true"
				}]
			}
		}
	}
	
	,{
		"event": "e_productClick",
		"ecommerce": {
			"click": {
				"actionField": {"list": "Search Results page"},
				"products": [{ 
					"name": "H-E-B Organics Baby Spring Mix", 
					"id": "1709402", 
					"category": "Fruit & Vegetables",
					"brand": "H-E-B", 
					"variant": "each", 
					"price": 2.55,
					"position": 49,
					"dimension25": "product add to list",
					"dimension26": "true",
					"dimension40": "default"
				}]
			}
		}
	}
	
	]
	</script>

<input type="hidden" class="one-to-one-product" value="false"></li><li class="responsivegriditem product-grid-large-fifth product-grid-small-6" role="group">
		<a id="product-2839071" href="file:///C:/product-detail/central-market-organic-romaine-baby-red-butter-and-arugula-blend/2839071" aria-label="Central Market Organic Romaine, Baby Red Butter, and Arugula Blend,
		5 oz,
		$3.56 each. Features:  ORGANIC.  HEART HEALTHY." class="responsivegriditem__aria-link-wrap">
		<div class="responsivegriditem-top " onclick="gtm_e_productClick(&#39;gtm-product-click-2839071&#39;);">

			<div class="cat-feature clearfix">
				<div class="cat-feature-list clearfix">
   		<img src="./heb_lettuce_search_files/snipe-so95.jpg" title="ORGANIC">
	    		<img src="./heb_lettuce_search_files/snipe-shh.jpg" title="HEART HEALTHY">
	    		</div></div>
			<div class="cat-list-img gtm-product ">

				<img data-src="https://images.heb.com/is/image/HEBGrocery/prd-small/central-market-organic-romaine-baby-red-butter-and-arugula-blend-002839071.jpg" alt="" class="lazyload"><script type="application/ld+json">
{	
	"name": "Central Market Organic Romaine, Baby Red Butter, and Arugula Blend", 
	"id": "2839071", 
	"category": "Fruit & Vegetables/Vegetables/Lettuce & Leafy Greens",
	"brand": "Central Market", 
	"variant": "each", 
	"price": 3.56,
	"list": "Search Results page",
	"position": "50",
	"dimension26": "true",
	"dimension40": "default"
}
</script>

</div>
			</div>
	
		<div class="responsivegriditem-middle ">
			<div class="responsivegriditem__title" onclick="gtm_e_productClick(&#39;gtm-product-click-2839071&#39;);">
					<span class="responsivegriditem__title">
					Central Market Organic Romaine, Baby Red Butter, and Arugula Blend, <span class="item-size">5 oz</span></span></div>
			<div class="responsivegriditem__rating-container">
				<div class="cat-star clearfix">
    <div class=""><img src="file:///C:/img/stars/smallstaroff.png" alt=""></div>
			<div class=""><img src="file:///C:/img/stars/smallstaroff.png" alt=""></div>
			<div class=""><img src="file:///C:/img/stars/smallstaroff.png" alt=""></div>
			<div class=""><img src="file:///C:/img/stars/smallstaroff.png" alt=""></div>
			<div class="last-star"><img src="file:///C:/img/stars/smallstaroff.png" alt=""></div>
			</div></div>

			<div class="cat-price">
            <div class="responsivegriditem__price-label"></div>
                    <span class="cat-price-number">
                        $3.56 each</span>
                <span class="cat-sale-price-container">
                <span class="uomSalePrice">
                        ($0.72/oz)
                    </span>
                </span>
        </div><div class="cdp-moq">
				</div>
		</div>
	</a>
	<div class="responsivegriditem-bottom">
		<div class="cart-actions clearfix">
			<form id="form-2839071" data-product-id="2839071" data-is-hidden="false" data-is-disabled="false" data-is-ship-to-home="false" data-max-qty="99" data-remaining-stock="99" data-is-wine-moq-product="false" data-moq-val="1"><div class="quantity-picker">
			<input type="hidden" value="secondchoice">
					<input type="hidden" value="1" id="4122085564_2839071_quantity" data-minstock="1">
				</div>
	<input type="hidden" id="4122085564_maxQty" value="99">
		<input type="hidden" id="4122085564_remainingStock" value="99">
		<input type="hidden" id="4122085564_productId" value="2839071">
		<input type="hidden" name="isWineMOQProduct" value="false">
		<input type="hidden" id="4122085564_moqval" value="1">
			<bootstrap class="vue-instance-init">
			<add-to-bucket :product="{&quot;productAvailableAtContext&quot;:true,&quot;smallImageUrl&quot;:&quot;https://images.heb.com/is/image/HEBGrocery/prd-small/central-market-organic-romaine-baby-red-butter-and-arugula-blend-002839071.jpg&quot;,&quot;isPrimoPick&quot;:false,&quot;isBestAvailable&quot;:false,&quot;isOnAd&quot;:false,&quot;defaultLevelOneCategory&quot;:&quot;{name=Fruit &amp; Vegetables, id=490020}&quot;,&quot;displayName&quot;:&quot;Central Market Organic Romaine, Baby Red Butter, and Arugula Blend&quot;,&quot;thumbnailMediumImageUrl&quot;:&quot;https://images.heb.com/is/image/HEBGrocery/prd-thumbnail-medium/central-market-organic-romaine-baby-red-butter-and-arugula-blend-002839071.jpg&quot;,&quot;showOnlineMarketingBug&quot;:false,&quot;pdpUrl&quot;:&quot;/product-detail/central-market-organic-romaine-baby-red-butter-and-arugula-blend/2839071&quot;,&quot;snipes&quot;:[{&quot;largeImageUrl&quot;:&quot;https://images.heb.com/is/image/HEBGrocery/snp-large/snipe-so95.jpg&quot;,&quot;name&quot;:&quot;ORGANIC&quot;,&quot;description&quot;:&quot;At least 95% organic and meets USDA standards which prohibits the use of GMOs.&quot;,&quot;position&quot;:1,&quot;mediumImageUrl&quot;:&quot;https://images.heb.com/is/image/HEBGrocery/snp-medium/snipe-so95.jpg&quot;},{&quot;largeImageUrl&quot;:&quot;https://images.heb.com/is/image/HEBGrocery/snp-large/snipe-shh.jpg&quot;,&quot;name&quot;:&quot;HEART HEALTHY&quot;,&quot;description&quot;:&quot;Low in fat, sat. fat, &amp;amp; cholesterol; =600 mg sodium; 10% DV of at least 1: Vit. A, C, Calcium, Iron, Fiber or Protein per serving. While many factors affect heart disease, diets low in saturated fat and cholesterol may reduce the risk of this disease.&quot;,&quot;position&quot;:1,&quot;mediumImageUrl&quot;:&quot;https://images.heb.com/is/image/HEBGrocery/snp-medium/snipe-shh.jpg&quot;}],&quot;defaultBreadCrumb&quot;:[{&quot;displayName&quot;:&quot;Shop&quot;},{&quot;displayName&quot;:&quot;Fruit &amp;amp; Vegetables&quot;},{&quot;displayName&quot;:&quot;Vegetables&quot;},{&quot;displayName&quot;:&quot;Lettuce &amp;amp; Leafy Greens&quot;}],&quot;mediumImageUrl&quot;:&quot;https://images.heb.com/is/image/HEBGrocery/prd-medium/central-market-organic-romaine-baby-red-butter-and-arugula-blend-002839071.jpg&quot;,&quot;defaultSku&quot;:{&quot;unitWeight&quot;:0,&quot;priceInfo&quot;:{&quot;salePrice&quot;:{&quot;unit&quot;:&quot;each&quot;,&quot;formatted&quot;:&quot;$3.56&quot;,&quot;listPriceAmountRounded&quot;:3.56},&quot;priceType&quot;:&quot;EACH&quot;,&quot;listPrice&quot;:{&quot;unit&quot;:&quot;each&quot;,&quot;formatted&quot;:&quot;$3.56&quot;,&quot;listPriceAmountRounded&quot;:3.56}},&quot;thumbnailImageUrl&quot;:&quot;https://images.heb.com/is/image/HEBGrocery/prd-thumbnail/central-market-organic-romaine-baby-red-butter-and-arugula-blend-002839071.jpg&quot;,&quot;couponIds&quot;:[],&quot;availableCouponIds&quot;:[],&quot;unitOfMeasure&quot;:&quot;oz&quot;,&quot;displayName&quot;:&quot;Organic Romaine, Baby Red Butter, and Arugula Blend&quot;,&quot;onSale&quot;:false,&quot;sceneSevenImage&quot;:&quot;002839071&quot;,&quot;weightSelectionIncrements&quot;:[],&quot;customerFriendlySize&quot;:&quot;5 oz&quot;,&quot;id&quot;:&quot;4122085564&quot;,&quot;customerPurchaseChoice&quot;:&quot;EACH&quot;},&quot;minimumOrderQuantityProduct&quot;:false,&quot;minimumOrderQuantity&quot;:1,&quot;maximumOrderQuantity&quot;:99,&quot;thumbnailImageUrl&quot;:&quot;https://images.heb.com/is/image/HEBGrocery/prd-thumbnail/central-market-organic-romaine-baby-red-butter-and-arugula-blend-002839071.jpg&quot;,&quot;pricedByWeight&quot;:false,&quot;formattedSalePrice&quot;:&quot;$3.56 each&quot;,&quot;addToCartAllowed&quot;:true,&quot;randomWeight&quot;:false,&quot;addToCartDisabled&quot;:false,&quot;onSale&quot;:false,&quot;id&quot;:&quot;2839071&quot;,&quot;brand&quot;:&quot;Central Market&quot;,&quot;ownBrand&quot;:true,&quot;fulfillmentChannel&quot;:5005,&quot;storeAssortment&quot;:{&quot;marketingBugKey&quot;:&quot;&quot;,&quot;marketingBugDescription&quot;:&quot;&quot;,&quot;smallImageMarketingBugUrl&quot;:&quot;&quot;}}" bucket="cart" size="normal" listname="Search Results page" button-type="nonspa"></add-to-bucket>
		</bootstrap>
		<button data-action-requires-cookies="" class="cart-add-list btn btn-list btn-full-width mar-bot-0" title="Add to list" onclick="javascript:displayDropdown(this); return false;">Add to list</button>
							<!-- TODO Get this functionality for the vue version -->
							<div class="atl-container product-record" style="display: none;">
								<div class="atl-container-triangle"></div>
								<ul class="shoppingListSelector">
									<li>
											
											<a onclick="javascript:addToListFromPDP(&#39;2839071&#39;, &#39;4122085564&#39;, &#39;gl9476736530&#39;); return false;" href="file:///C:/Users/Christopher/flask-tutorial/heb_lettuce_search.html#" data-shoppinglistid="gl9476736530">My List</a></li>
									</ul>
							</div>
						</form></div>
	</div>

	<script type="application/ld+json" id="gtm-product-click-2839071">
{	
	"event": "e_productClick",
	"ecommerce": {
		"click": {
			"actionField": { "list": "Search Results page" },
			"products": [{ 
				"name": "Central Market Organic Romaine, Baby Red Butter, and Arugula Blend", 
				"id": "2839071", 
				"category": "Fruit & Vegetables/Vegetables/Lettuce & Leafy Greens", 
				"brand": "Central Market", 
				"variant": "each",
				"price": 3.56,
				"position": 50, 
				"dimension26": "true",
				"dimension40": "default"
			}]
		}
	}
}
</script>

<script type="application/json" id="gtm-add-to-list-product-2839071">
	
	[{
		"event": "e_addToList",
		"ecommerce": {
			"add": {
				"actionField": {"list": "Search Results page"},
				"products": [{	
					"name": "Central Market Organic Romaine, Baby Red Butter, and Arugula Blend", 
					"id": "2839071", 
					"category": "Fruit & Vegetables",
					"brand": "Central Market", 
					"variant": "each", 
					"price": 3.56,
					"quantity": 1, 
					"dimension26": "true"
				}]
			}
		}
	}
	
	,{
		"event": "e_productClick",
		"ecommerce": {
			"click": {
				"actionField": {"list": "Search Results page"},
				"products": [{ 
					"name": "Central Market Organic Romaine, Baby Red Butter, and Arugula Blend", 
					"id": "2839071", 
					"category": "Fruit & Vegetables",
					"brand": "Central Market", 
					"variant": "each", 
					"price": 3.56,
					"position": 50,
					"dimension25": "product add to list",
					"dimension26": "true",
					"dimension40": "default"
				}]
			}
		}
	}
	
	]
	</script>

<input type="hidden" class="one-to-one-product" value="false"></li><li class="responsivegriditem product-grid-large-fifth product-grid-small-6" role="group">
		<a id="product-1685950" href="file:///C:/product-detail/dole-spring-mix/1685950" aria-label="Dole Spring Mix,
		5 oz,
		$3.38 each.Coupon available.  Features:  HEART HEALTHY." class="responsivegriditem__aria-link-wrap">
		<div class="responsivegriditem-top " onclick="gtm_e_productClick(&#39;gtm-product-click-1685950&#39;);">

			<div class="cat-feature clearfix">
				<img src="file:///C:/img/flag-coupon.svg" class="product-card__flag product-card__flag--coupon" alt="">
					<div class="cat-feature-list clearfix">
   		<img src="./heb_lettuce_search_files/snipe-shh.jpg" title="HEART HEALTHY">
	    		</div></div>
			<div class="cat-list-img gtm-product ">

				<img data-src="https://images.heb.com/is/image/HEBGrocery/prd-small/dole-spring-mix-001685950.jpg" alt="" class="lazyload"><script type="application/ld+json">
{	
	"name": "Dole Spring Mix", 
	"id": "1685950", 
	"category": "Fruit & Vegetables/Vegetables/Lettuce & Leafy Greens",
	"brand": "Dole", 
	"variant": "each", 
	"price": 3.38,
	"list": "Search Results page",
	"position": "51",
	"dimension26": "false",
	"dimension40": "default"
}
</script>

</div>
			</div>
	
		<div class="responsivegriditem-middle ">
			<div class="responsivegriditem__title" onclick="gtm_e_productClick(&#39;gtm-product-click-1685950&#39;);">
					<span class="responsivegriditem__title">
					Dole Spring Mix, <span class="item-size">5 oz</span></span></div>
			<div class="responsivegriditem__rating-container">
				<div class="cat-star clearfix">
    <div class=""><img src="file:///C:/img/stars/smallstaroff.png" alt=""></div>
			<div class=""><img src="file:///C:/img/stars/smallstaroff.png" alt=""></div>
			<div class=""><img src="file:///C:/img/stars/smallstaroff.png" alt=""></div>
			<div class=""><img src="file:///C:/img/stars/smallstaroff.png" alt=""></div>
			<div class="last-star"><img src="file:///C:/img/stars/smallstaroff.png" alt=""></div>
			</div></div>

			<div class="cat-price">
            <div class="responsivegriditem__price-label"></div>
                    <span class="cat-price-number">
                        $3.38 each</span>
                <span class="cat-sale-price-container">
                </span>
        </div><div class="cdp-moq">
				</div>
		</div>
	</a>
	<div class="responsivegriditem-bottom">
		<div class="cart-actions clearfix">
			<form id="form-1685950" data-product-id="1685950" data-is-hidden="false" data-is-disabled="false" data-is-ship-to-home="false" data-max-qty="99" data-remaining-stock="99" data-is-wine-moq-product="false" data-moq-val="1"><div class="quantity-picker">
			<input type="hidden" value="secondchoice">
					<input type="hidden" value="1" id="7143001095_1685950_quantity" data-minstock="1">
				</div>
	<input type="hidden" id="7143001095_maxQty" value="99">
		<input type="hidden" id="7143001095_remainingStock" value="99">
		<input type="hidden" id="7143001095_productId" value="1685950">
		<input type="hidden" name="isWineMOQProduct" value="false">
		<input type="hidden" id="7143001095_moqval" value="1">
			<bootstrap class="vue-instance-init">
			<add-to-bucket :product="{&quot;productAvailableAtContext&quot;:true,&quot;smallImageUrl&quot;:&quot;https://images.heb.com/is/image/HEBGrocery/prd-small/dole-spring-mix-001685950.jpg&quot;,&quot;isPrimoPick&quot;:false,&quot;isBestAvailable&quot;:false,&quot;isOnAd&quot;:false,&quot;defaultLevelOneCategory&quot;:&quot;{name=Fruit &amp; Vegetables, id=490020}&quot;,&quot;displayName&quot;:&quot;Dole Spring Mix&quot;,&quot;thumbnailMediumImageUrl&quot;:&quot;https://images.heb.com/is/image/HEBGrocery/prd-thumbnail-medium/dole-spring-mix-001685950.jpg&quot;,&quot;showOnlineMarketingBug&quot;:false,&quot;pdpUrl&quot;:&quot;/product-detail/dole-spring-mix/1685950&quot;,&quot;snipes&quot;:[{&quot;largeImageUrl&quot;:&quot;https://images.heb.com/is/image/HEBGrocery/snp-large/snipe-shh.jpg&quot;,&quot;name&quot;:&quot;HEART HEALTHY&quot;,&quot;description&quot;:&quot;Low in fat, sat. fat, &amp;amp; cholesterol; =600 mg sodium; 10% DV of at least 1: Vit. A, C, Calcium, Iron, Fiber or Protein per serving. While many factors affect heart disease, diets low in saturated fat and cholesterol may reduce the risk of this disease.&quot;,&quot;position&quot;:1,&quot;mediumImageUrl&quot;:&quot;https://images.heb.com/is/image/HEBGrocery/snp-medium/snipe-shh.jpg&quot;}],&quot;defaultBreadCrumb&quot;:[{&quot;displayName&quot;:&quot;Shop&quot;},{&quot;displayName&quot;:&quot;Fruit &amp;amp; Vegetables&quot;},{&quot;displayName&quot;:&quot;Vegetables&quot;},{&quot;displayName&quot;:&quot;Lettuce &amp;amp; Leafy Greens&quot;}],&quot;mediumImageUrl&quot;:&quot;https://images.heb.com/is/image/HEBGrocery/prd-medium/dole-spring-mix-001685950.jpg&quot;,&quot;defaultSku&quot;:{&quot;unitWeight&quot;:0.405,&quot;priceInfo&quot;:{&quot;salePrice&quot;:{&quot;unit&quot;:&quot;each&quot;,&quot;formatted&quot;:&quot;$3.38&quot;,&quot;listPriceAmountRounded&quot;:3.38},&quot;priceType&quot;:&quot;EACH&quot;,&quot;listPrice&quot;:{&quot;unit&quot;:&quot;each&quot;,&quot;formatted&quot;:&quot;$3.38&quot;,&quot;listPriceAmountRounded&quot;:3.38}},&quot;thumbnailImageUrl&quot;:&quot;https://images.heb.com/is/image/HEBGrocery/prd-thumbnail/dole-spring-mix-001685950.jpg&quot;,&quot;couponIds&quot;:[&quot;40009847&quot;],&quot;availableCouponIds&quot;:[&quot;40009847&quot;],&quot;unitOfMeasure&quot;:&quot;EACH&quot;,&quot;displayName&quot;:&quot;Spring Mix&quot;,&quot;onSale&quot;:false,&quot;sceneSevenImage&quot;:&quot;001685950&quot;,&quot;weightSelectionIncrements&quot;:[],&quot;customerFriendlySize&quot;:&quot;5 oz&quot;,&quot;id&quot;:&quot;7143001095&quot;,&quot;customerPurchaseChoice&quot;:&quot;EACH&quot;},&quot;minimumOrderQuantityProduct&quot;:false,&quot;minimumOrderQuantity&quot;:1,&quot;maximumOrderQuantity&quot;:99,&quot;thumbnailImageUrl&quot;:&quot;https://images.heb.com/is/image/HEBGrocery/prd-thumbnail/dole-spring-mix-001685950.jpg&quot;,&quot;pricedByWeight&quot;:false,&quot;formattedSalePrice&quot;:&quot;$3.38 each&quot;,&quot;addToCartAllowed&quot;:true,&quot;randomWeight&quot;:false,&quot;addToCartDisabled&quot;:false,&quot;onSale&quot;:false,&quot;id&quot;:&quot;1685950&quot;,&quot;brand&quot;:&quot;Dole&quot;,&quot;ownBrand&quot;:false,&quot;fulfillmentChannel&quot;:5005,&quot;storeAssortment&quot;:{&quot;marketingBugKey&quot;:&quot;&quot;,&quot;marketingBugDescription&quot;:&quot;&quot;,&quot;smallImageMarketingBugUrl&quot;:&quot;&quot;}}" bucket="cart" size="normal" listname="Search Results page" button-type="nonspa"></add-to-bucket>
		</bootstrap>
		<button data-action-requires-cookies="" class="cart-add-list btn btn-list btn-full-width mar-bot-0" title="Add to list" onclick="javascript:displayDropdown(this); return false;">Add to list</button>
							<!-- TODO Get this functionality for the vue version -->
							<div class="atl-container product-record" style="display: none;">
								<div class="atl-container-triangle"></div>
								<ul class="shoppingListSelector">
									<li>
											
											<a onclick="javascript:addToListFromPDP(&#39;1685950&#39;, &#39;7143001095&#39;, &#39;gl9476736530&#39;); return false;" href="file:///C:/Users/Christopher/flask-tutorial/heb_lettuce_search.html#" data-shoppinglistid="gl9476736530">My List</a></li>
									</ul>
							</div>
						</form></div>
	</div>

	<script type="application/ld+json" id="gtm-product-click-1685950">
{	
	"event": "e_productClick",
	"ecommerce": {
		"click": {
			"actionField": { "list": "Search Results page" },
			"products": [{ 
				"name": "Dole Spring Mix", 
				"id": "1685950", 
				"category": "Fruit & Vegetables/Vegetables/Lettuce & Leafy Greens", 
				"brand": "Dole", 
				"variant": "each",
				"price": 3.38,
				"position": 51, 
				"dimension26": "false",
				"dimension40": "default"
			}]
		}
	}
}
</script>

<script type="application/json" id="gtm-add-to-list-product-1685950">
	
	[{
		"event": "e_addToList",
		"ecommerce": {
			"add": {
				"actionField": {"list": "Search Results page"},
				"products": [{	
					"name": "Dole Spring Mix", 
					"id": "1685950", 
					"category": "Fruit & Vegetables",
					"brand": "Dole", 
					"variant": "each", 
					"price": 3.38,
					"quantity": 1, 
					"dimension26": "false"
				}]
			}
		}
	}
	
	,{
		"event": "e_productClick",
		"ecommerce": {
			"click": {
				"actionField": {"list": "Search Results page"},
				"products": [{ 
					"name": "Dole Spring Mix", 
					"id": "1685950", 
					"category": "Fruit & Vegetables",
					"brand": "Dole", 
					"variant": "each", 
					"price": 3.38,
					"position": 51,
					"dimension25": "product add to list",
					"dimension26": "false",
					"dimension40": "default"
				}]
			}
		}
	}
	
	]
	</script>

<!--Checks to see if these coupons have been clipped, then sets them up accordingly -->
						<div class="one-to-one-container one-to-one-container-40009847" id="1685950-40009847" data-1to1-product-id="1685950">
							<input type="hidden" class="one-to-one-product" value="true">
							<input type="hidden" class="has-been-shown" value="false">
							<div class="one-to-one-card-background"></div>
							<div class="one-to-one-card" id="one-to-one-40009847">
								<div class="one-to-one-header">
								<a id="one-to-one-close-40009847" aria-label="Close" onclick="oneToOneToggle(&#39;#1685950-40009847&#39;)">×</a>
								</div>
								<a href="javascript:void(0);" title="More" onclick="loadCouponModelOverlay(&#39;40009847&#39;, &#39;&#39;,&#39;&#39;)">
									<div class="one-to-one-title">Coupon For Product</div>
									<div class="one-to-one-image"></div>
									<div class="one-to-one-description">Coupon Not Available</div>
									<div class="one-to-one-offer"></div>
								</a>
								<div class="one-to-one-actions" style="display:none;">
									<a href="file:///C:/my-account/login" data-action-requires-cookies="" class="btn btn-full-width btn-coupon coupon-item-action-button" title="Clip"><i class="fa fa-scissors" aria-hidden="true"></i> Clip</a>
				</div>
							</div>
							</div>


						<script>
							//This goes off and fetches coupon information, and runs processCouponDetails to put the information into the one to one card
							$( document ).ready(function() {
								VueStore.$store.dispatch('cart/FETCH_COUPON_DETAILS', {
									id: 40009847,
									callback: processCouponDetails,
									summary: true})
							});
						</script></li><li class="responsivegriditem product-grid-large-fifth product-grid-small-6" role="group">
		<a id="product-1685951" href="file:///C:/product-detail/dole-50-50-spring-mix-and-baby-spinach-salad-blend/1685951" aria-label="Dole 50/50 Spring Mix and Baby Spinach Salad Blend,
		5 oz,
		$3.38 each.Coupon available.  Features:  HEART HEALTHY." class="responsivegriditem__aria-link-wrap">
		<div class="responsivegriditem-top " onclick="gtm_e_productClick(&#39;gtm-product-click-1685951&#39;);">

			<div class="cat-feature clearfix">
				<img src="file:///C:/img/flag-coupon.svg" class="product-card__flag product-card__flag--coupon" alt="">
					<div class="cat-feature-list clearfix">
   		<img src="./heb_lettuce_search_files/snipe-shh.jpg" title="HEART HEALTHY">
	    		</div></div>
			<div class="cat-list-img gtm-product ">

				<img data-src="https://images.heb.com/is/image/HEBGrocery/prd-small/dole-50-50-spring-mix-and-baby-spinach-salad-blend-001685951.jpg" alt="" class="lazyload"><script type="application/ld+json">
{	
	"name": "Dole 50/50 Spring Mix and Baby Spinach Salad Blend", 
	"id": "1685951", 
	"category": "Fruit & Vegetables/Vegetables/Lettuce & Leafy Greens",
	"brand": "Dole", 
	"variant": "each", 
	"price": 3.38,
	"list": "Search Results page",
	"position": "52",
	"dimension26": "false",
	"dimension40": "default"
}
</script>

</div>
			</div>
	
		<div class="responsivegriditem-middle ">
			<div class="responsivegriditem__title" onclick="gtm_e_productClick(&#39;gtm-product-click-1685951&#39;);">
					<span class="responsivegriditem__title">
					Dole 50/50 Spring Mix and Baby Spinach Salad Blend, <span class="item-size">5 oz</span></span></div>
			<div class="responsivegriditem__rating-container">
				<div class="cat-star clearfix">
    <div class=""><img src="file:///C:/img/stars/smallstaroff.png" alt=""></div>
			<div class=""><img src="file:///C:/img/stars/smallstaroff.png" alt=""></div>
			<div class=""><img src="file:///C:/img/stars/smallstaroff.png" alt=""></div>
			<div class=""><img src="file:///C:/img/stars/smallstaroff.png" alt=""></div>
			<div class="last-star"><img src="file:///C:/img/stars/smallstaroff.png" alt=""></div>
			</div></div>

			<div class="cat-price">
            <div class="responsivegriditem__price-label"></div>
                    <span class="cat-price-number">
                        $3.38 each</span>
                <span class="cat-sale-price-container">
                </span>
        </div><div class="cdp-moq">
				</div>
		</div>
	</a>
	<div class="responsivegriditem-bottom">
		<div class="cart-actions clearfix">
			<form id="form-1685951" data-product-id="1685951" data-is-hidden="false" data-is-disabled="false" data-is-ship-to-home="false" data-max-qty="99" data-remaining-stock="99" data-is-wine-moq-product="false" data-moq-val="1"><div class="quantity-picker">
			<input type="hidden" value="secondchoice">
					<input type="hidden" value="1" id="7143001096_1685951_quantity" data-minstock="1">
				</div>
	<input type="hidden" id="7143001096_maxQty" value="99">
		<input type="hidden" id="7143001096_remainingStock" value="99">
		<input type="hidden" id="7143001096_productId" value="1685951">
		<input type="hidden" name="isWineMOQProduct" value="false">
		<input type="hidden" id="7143001096_moqval" value="1">
			<bootstrap class="vue-instance-init">
			<add-to-bucket :product="{&quot;productAvailableAtContext&quot;:true,&quot;smallImageUrl&quot;:&quot;https://images.heb.com/is/image/HEBGrocery/prd-small/dole-50-50-spring-mix-and-baby-spinach-salad-blend-001685951.jpg&quot;,&quot;isPrimoPick&quot;:false,&quot;isBestAvailable&quot;:false,&quot;isOnAd&quot;:false,&quot;defaultLevelOneCategory&quot;:&quot;{name=Fruit &amp; Vegetables, id=490020}&quot;,&quot;displayName&quot;:&quot;Dole 50/50 Spring Mix and Baby Spinach Salad Blend&quot;,&quot;thumbnailMediumImageUrl&quot;:&quot;https://images.heb.com/is/image/HEBGrocery/prd-thumbnail-medium/dole-50-50-spring-mix-and-baby-spinach-salad-blend-001685951.jpg&quot;,&quot;showOnlineMarketingBug&quot;:false,&quot;pdpUrl&quot;:&quot;/product-detail/dole-50-50-spring-mix-and-baby-spinach-salad-blend/1685951&quot;,&quot;snipes&quot;:[{&quot;largeImageUrl&quot;:&quot;https://images.heb.com/is/image/HEBGrocery/snp-large/snipe-shh.jpg&quot;,&quot;name&quot;:&quot;HEART HEALTHY&quot;,&quot;description&quot;:&quot;Low in fat, sat. fat, &amp;amp; cholesterol; =600 mg sodium; 10% DV of at least 1: Vit. A, C, Calcium, Iron, Fiber or Protein per serving. While many factors affect heart disease, diets low in saturated fat and cholesterol may reduce the risk of this disease.&quot;,&quot;position&quot;:1,&quot;mediumImageUrl&quot;:&quot;https://images.heb.com/is/image/HEBGrocery/snp-medium/snipe-shh.jpg&quot;}],&quot;defaultBreadCrumb&quot;:[{&quot;displayName&quot;:&quot;Shop&quot;},{&quot;displayName&quot;:&quot;Fruit &amp;amp; Vegetables&quot;},{&quot;displayName&quot;:&quot;Vegetables&quot;},{&quot;displayName&quot;:&quot;Lettuce &amp;amp; Leafy Greens&quot;}],&quot;mediumImageUrl&quot;:&quot;https://images.heb.com/is/image/HEBGrocery/prd-medium/dole-50-50-spring-mix-and-baby-spinach-salad-blend-001685951.jpg&quot;,&quot;defaultSku&quot;:{&quot;unitWeight&quot;:0.425,&quot;priceInfo&quot;:{&quot;salePrice&quot;:{&quot;unit&quot;:&quot;each&quot;,&quot;formatted&quot;:&quot;$3.38&quot;,&quot;listPriceAmountRounded&quot;:3.38},&quot;priceType&quot;:&quot;EACH&quot;,&quot;listPrice&quot;:{&quot;unit&quot;:&quot;each&quot;,&quot;formatted&quot;:&quot;$3.38&quot;,&quot;listPriceAmountRounded&quot;:3.38}},&quot;thumbnailImageUrl&quot;:&quot;https://images.heb.com/is/image/HEBGrocery/prd-thumbnail/dole-50-50-spring-mix-and-baby-spinach-salad-blend-001685951.jpg&quot;,&quot;couponIds&quot;:[&quot;40009847&quot;],&quot;availableCouponIds&quot;:[&quot;40009847&quot;],&quot;unitOfMeasure&quot;:&quot;EACH&quot;,&quot;displayName&quot;:&quot;50/50 Spring Mix and Baby Spinach Salad Blend&quot;,&quot;onSale&quot;:false,&quot;sceneSevenImage&quot;:&quot;001685951&quot;,&quot;weightSelectionIncrements&quot;:[],&quot;customerFriendlySize&quot;:&quot;5 oz&quot;,&quot;id&quot;:&quot;7143001096&quot;,&quot;customerPurchaseChoice&quot;:&quot;EACH&quot;},&quot;minimumOrderQuantityProduct&quot;:false,&quot;minimumOrderQuantity&quot;:1,&quot;maximumOrderQuantity&quot;:99,&quot;thumbnailImageUrl&quot;:&quot;https://images.heb.com/is/image/HEBGrocery/prd-thumbnail/dole-50-50-spring-mix-and-baby-spinach-salad-blend-001685951.jpg&quot;,&quot;pricedByWeight&quot;:false,&quot;formattedSalePrice&quot;:&quot;$3.38 each&quot;,&quot;addToCartAllowed&quot;:true,&quot;randomWeight&quot;:false,&quot;addToCartDisabled&quot;:false,&quot;onSale&quot;:false,&quot;id&quot;:&quot;1685951&quot;,&quot;brand&quot;:&quot;Dole&quot;,&quot;ownBrand&quot;:false,&quot;fulfillmentChannel&quot;:5005,&quot;storeAssortment&quot;:{&quot;marketingBugKey&quot;:&quot;&quot;,&quot;marketingBugDescription&quot;:&quot;&quot;,&quot;smallImageMarketingBugUrl&quot;:&quot;&quot;}}" bucket="cart" size="normal" listname="Search Results page" button-type="nonspa"></add-to-bucket>
		</bootstrap>
		<button data-action-requires-cookies="" class="cart-add-list btn btn-list btn-full-width mar-bot-0" title="Add to list" onclick="javascript:displayDropdown(this); return false;">Add to list</button>
							<!-- TODO Get this functionality for the vue version -->
							<div class="atl-container product-record" style="display: none;">
								<div class="atl-container-triangle"></div>
								<ul class="shoppingListSelector">
									<li>
											
											<a onclick="javascript:addToListFromPDP(&#39;1685951&#39;, &#39;7143001096&#39;, &#39;gl9476736530&#39;); return false;" href="file:///C:/Users/Christopher/flask-tutorial/heb_lettuce_search.html#" data-shoppinglistid="gl9476736530">My List</a></li>
									</ul>
							</div>
						</form></div>
	</div>

	<script type="application/ld+json" id="gtm-product-click-1685951">
{	
	"event": "e_productClick",
	"ecommerce": {
		"click": {
			"actionField": { "list": "Search Results page" },
			"products": [{ 
				"name": "Dole 50/50 Spring Mix and Baby Spinach Salad Blend", 
				"id": "1685951", 
				"category": "Fruit & Vegetables/Vegetables/Lettuce & Leafy Greens", 
				"brand": "Dole", 
				"variant": "each",
				"price": 3.38,
				"position": 52, 
				"dimension26": "false",
				"dimension40": "default"
			}]
		}
	}
}
</script>

<script type="application/json" id="gtm-add-to-list-product-1685951">
	
	[{
		"event": "e_addToList",
		"ecommerce": {
			"add": {
				"actionField": {"list": "Search Results page"},
				"products": [{	
					"name": "Dole 50/50 Spring Mix and Baby Spinach Salad Blend", 
					"id": "1685951", 
					"category": "Fruit & Vegetables",
					"brand": "Dole", 
					"variant": "each", 
					"price": 3.38,
					"quantity": 1, 
					"dimension26": "false"
				}]
			}
		}
	}
	
	,{
		"event": "e_productClick",
		"ecommerce": {
			"click": {
				"actionField": {"list": "Search Results page"},
				"products": [{ 
					"name": "Dole 50/50 Spring Mix and Baby Spinach Salad Blend", 
					"id": "1685951", 
					"category": "Fruit & Vegetables",
					"brand": "Dole", 
					"variant": "each", 
					"price": 3.38,
					"position": 52,
					"dimension25": "product add to list",
					"dimension26": "false",
					"dimension40": "default"
				}]
			}
		}
	}
	
	]
	</script>

<!--Checks to see if these coupons have been clipped, then sets them up accordingly -->
						<div class="one-to-one-container one-to-one-container-40009847" id="1685951-40009847" data-1to1-product-id="1685951">
							<input type="hidden" class="one-to-one-product" value="true">
							<input type="hidden" class="has-been-shown" value="false">
							<div class="one-to-one-card-background"></div>
							<div class="one-to-one-card" id="one-to-one-40009847">
								<div class="one-to-one-header">
								<a id="one-to-one-close-40009847" aria-label="Close" onclick="oneToOneToggle(&#39;#1685951-40009847&#39;)">×</a>
								</div>
								<a href="javascript:void(0);" title="More" onclick="loadCouponModelOverlay(&#39;40009847&#39;, &#39;&#39;,&#39;&#39;)">
									<div class="one-to-one-title">Coupon For Product</div>
									<div class="one-to-one-image"></div>
									<div class="one-to-one-description">Coupon Not Available</div>
									<div class="one-to-one-offer"></div>
								</a>
								<div class="one-to-one-actions" style="display:none;">
									<a href="file:///C:/my-account/login" data-action-requires-cookies="" class="btn btn-full-width btn-coupon coupon-item-action-button" title="Clip"><i class="fa fa-scissors" aria-hidden="true"></i> Clip</a>
				</div>
							</div>
							</div>


						<script>
							//This goes off and fetches coupon information, and runs processCouponDetails to put the information into the one to one card
							$( document ).ready(function() {
								VueStore.$store.dispatch('cart/FETCH_COUPON_DETAILS', {
									id: 40009847,
									callback: processCouponDetails,
									summary: true})
							});
						</script></li><li class="responsivegriditem product-grid-large-fifth product-grid-small-6" role="group">
		<a id="product-1592752" href="file:///C:/product-detail/central-market-organic-baby-spinach-and-baby-kale/1592752" aria-label="Central Market Organic Baby Spinach and Baby Kale,
		5 oz,
		$3.56 each. Features:  ORGANIC.  HEART HEALTHY. Primo Pick. Rated 1 out of five stars." class="responsivegriditem__aria-link-wrap">
		<div class="responsivegriditem-top " onclick="gtm_e_productClick(&#39;gtm-product-click-1592752&#39;);">

			<div class="cat-feature clearfix">
				<img data-src="https://images.heb.com/is/image/HEBGrocery/mkt-small/marketingbug-primopck.jpg" alt="Primo Pick" class="lazyload product-card__flag product-card__flag--product-card__flag--marketing-bug">
					<div class="cat-feature-list clearfix">
   		<img src="./heb_lettuce_search_files/snipe-so95.jpg" title="ORGANIC">
	    		<img src="./heb_lettuce_search_files/snipe-shh.jpg" title="HEART HEALTHY">
	    		</div></div>
			<div class="cat-list-img gtm-product ">

				<img data-src="https://images.heb.com/is/image/HEBGrocery/prd-small/central-market-organic-baby-spinach-and-baby-kale-001592752.jpg" alt="" class="lazyload"><script type="application/ld+json">
{	
	"name": "Central Market Organic Baby Spinach and Baby Kale", 
	"id": "1592752", 
	"category": "Fruit & Vegetables/Vegetables/Lettuce & Leafy Greens",
	"brand": "Central Market", 
	"variant": "each", 
	"price": 3.56,
	"list": "Search Results page",
	"position": "53",
	"dimension26": "true",
	"dimension40": "default"
}
</script>

</div>
			</div>
	
		<div class="responsivegriditem-middle ">
			<div class="responsivegriditem__title" onclick="gtm_e_productClick(&#39;gtm-product-click-1592752&#39;);">
					<span class="responsivegriditem__title">
					Central Market Organic Baby Spinach and Baby Kale, <span class="item-size">5 oz</span></span></div>
			<div class="responsivegriditem__rating-container">
				<div class="cat-star clearfix">
    <div class=""><img src="file:///C:/img/stars/smallstaron.png" alt=""></div>
			<div class=""><img src="file:///C:/img/stars/smallstaroff.png" alt=""></div>
			<div class=""><img src="file:///C:/img/stars/smallstaroff.png" alt=""></div>
			<div class=""><img src="file:///C:/img/stars/smallstaroff.png" alt=""></div>
			<div class="last-star"><img src="file:///C:/img/stars/smallstaroff.png" alt=""></div>
			<span>(1)</span>
   	</div></div>

			<div class="cat-price">
            <div class="responsivegriditem__price-label"></div>
                    <span class="cat-price-number">
                        $3.56 each</span>
                <span class="cat-sale-price-container">
                <span class="uomSalePrice">
                        ($0.72/oz)
                    </span>
                </span>
        </div><div class="cdp-moq">
				</div>
		</div>
	</a>
	<div class="responsivegriditem-bottom">
		<div class="cart-actions clearfix">
			<form id="form-1592752" data-product-id="1592752" data-is-hidden="false" data-is-disabled="false" data-is-ship-to-home="false" data-max-qty="99" data-remaining-stock="99" data-is-wine-moq-product="false" data-moq-val="1"><div class="quantity-picker">
			<input type="hidden" value="secondchoice">
					<input type="hidden" value="1" id="4122092458_1592752_quantity" data-minstock="1">
				</div>
	<input type="hidden" id="4122092458_maxQty" value="99">
		<input type="hidden" id="4122092458_remainingStock" value="99">
		<input type="hidden" id="4122092458_productId" value="1592752">
		<input type="hidden" name="isWineMOQProduct" value="false">
		<input type="hidden" id="4122092458_moqval" value="1">
			<bootstrap class="vue-instance-init">
			<add-to-bucket :product="{&quot;productAvailableAtContext&quot;:true,&quot;smallImageUrl&quot;:&quot;https://images.heb.com/is/image/HEBGrocery/prd-small/central-market-organic-baby-spinach-and-baby-kale-001592752.jpg&quot;,&quot;isPrimoPick&quot;:true,&quot;isBestAvailable&quot;:false,&quot;isOnAd&quot;:false,&quot;defaultLevelOneCategory&quot;:&quot;{name=Fruit &amp; Vegetables, id=490020}&quot;,&quot;displayName&quot;:&quot;Central Market Organic Baby Spinach and Baby Kale&quot;,&quot;thumbnailMediumImageUrl&quot;:&quot;https://images.heb.com/is/image/HEBGrocery/prd-thumbnail-medium/central-market-organic-baby-spinach-and-baby-kale-001592752.jpg&quot;,&quot;showOnlineMarketingBug&quot;:true,&quot;pdpUrl&quot;:&quot;/product-detail/central-market-organic-baby-spinach-and-baby-kale/1592752&quot;,&quot;snipes&quot;:[{&quot;largeImageUrl&quot;:&quot;https://images.heb.com/is/image/HEBGrocery/snp-large/snipe-so95.jpg&quot;,&quot;name&quot;:&quot;ORGANIC&quot;,&quot;description&quot;:&quot;At least 95% organic and meets USDA standards which prohibits the use of GMOs.&quot;,&quot;position&quot;:1,&quot;mediumImageUrl&quot;:&quot;https://images.heb.com/is/image/HEBGrocery/snp-medium/snipe-so95.jpg&quot;},{&quot;largeImageUrl&quot;:&quot;https://images.heb.com/is/image/HEBGrocery/snp-large/snipe-shh.jpg&quot;,&quot;name&quot;:&quot;HEART HEALTHY&quot;,&quot;description&quot;:&quot;Low in fat, sat. fat, &amp;amp; cholesterol; =600 mg sodium; 10% DV of at least 1: Vit. A, C, Calcium, Iron, Fiber or Protein per serving. While many factors affect heart disease, diets low in saturated fat and cholesterol may reduce the risk of this disease.&quot;,&quot;position&quot;:1,&quot;mediumImageUrl&quot;:&quot;https://images.heb.com/is/image/HEBGrocery/snp-medium/snipe-shh.jpg&quot;}],&quot;defaultBreadCrumb&quot;:[{&quot;displayName&quot;:&quot;Shop&quot;},{&quot;displayName&quot;:&quot;Fruit &amp;amp; Vegetables&quot;},{&quot;displayName&quot;:&quot;Vegetables&quot;},{&quot;displayName&quot;:&quot;Lettuce &amp;amp; Leafy Greens&quot;}],&quot;mediumImageUrl&quot;:&quot;https://images.heb.com/is/image/HEBGrocery/prd-medium/central-market-organic-baby-spinach-and-baby-kale-001592752.jpg&quot;,&quot;defaultSku&quot;:{&quot;unitWeight&quot;:0.44,&quot;priceInfo&quot;:{&quot;salePrice&quot;:{&quot;unit&quot;:&quot;each&quot;,&quot;formatted&quot;:&quot;$3.56&quot;,&quot;listPriceAmountRounded&quot;:3.56},&quot;priceType&quot;:&quot;EACH&quot;,&quot;listPrice&quot;:{&quot;unit&quot;:&quot;each&quot;,&quot;formatted&quot;:&quot;$3.56&quot;,&quot;listPriceAmountRounded&quot;:3.56}},&quot;thumbnailImageUrl&quot;:&quot;https://images.heb.com/is/image/HEBGrocery/prd-thumbnail/central-market-organic-baby-spinach-and-baby-kale-001592752.jpg&quot;,&quot;couponIds&quot;:[],&quot;availableCouponIds&quot;:[],&quot;unitOfMeasure&quot;:&quot;oz&quot;,&quot;displayName&quot;:&quot;Organic Baby Spinach and Baby Kale&quot;,&quot;onSale&quot;:false,&quot;sceneSevenImage&quot;:&quot;001592752&quot;,&quot;weightSelectionIncrements&quot;:[],&quot;customerFriendlySize&quot;:&quot;5 oz&quot;,&quot;id&quot;:&quot;4122092458&quot;,&quot;customerPurchaseChoice&quot;:&quot;EACH&quot;},&quot;minimumOrderQuantityProduct&quot;:false,&quot;minimumOrderQuantity&quot;:1,&quot;maximumOrderQuantity&quot;:99,&quot;thumbnailImageUrl&quot;:&quot;https://images.heb.com/is/image/HEBGrocery/prd-thumbnail/central-market-organic-baby-spinach-and-baby-kale-001592752.jpg&quot;,&quot;pricedByWeight&quot;:false,&quot;formattedSalePrice&quot;:&quot;$3.56 each&quot;,&quot;addToCartAllowed&quot;:true,&quot;randomWeight&quot;:false,&quot;addToCartDisabled&quot;:false,&quot;onSale&quot;:false,&quot;id&quot;:&quot;1592752&quot;,&quot;brand&quot;:&quot;Central Market&quot;,&quot;ownBrand&quot;:true,&quot;fulfillmentChannel&quot;:5005,&quot;storeAssortment&quot;:{&quot;marketingBugKey&quot;:&quot;PRIMOPCK&quot;,&quot;marketingBugDescription&quot;:&quot;Primo Pick&quot;,&quot;smallImageMarketingBugUrl&quot;:&quot;https://images.heb.com/is/image/HEBGrocery/mkt-small/marketingbug-primopck.jpg&quot;}}" bucket="cart" size="normal" listname="Search Results page" button-type="nonspa"></add-to-bucket>
		</bootstrap>
		<button data-action-requires-cookies="" class="cart-add-list btn btn-list btn-full-width mar-bot-0" title="Add to list" onclick="javascript:displayDropdown(this); return false;">Add to list</button>
							<!-- TODO Get this functionality for the vue version -->
							<div class="atl-container product-record" style="display: none;">
								<div class="atl-container-triangle"></div>
								<ul class="shoppingListSelector">
									<li>
											
											<a onclick="javascript:addToListFromPDP(&#39;1592752&#39;, &#39;4122092458&#39;, &#39;gl9476736530&#39;); return false;" href="file:///C:/Users/Christopher/flask-tutorial/heb_lettuce_search.html#" data-shoppinglistid="gl9476736530">My List</a></li>
									</ul>
							</div>
						</form></div>
	</div>

	<script type="application/ld+json" id="gtm-product-click-1592752">
{	
	"event": "e_productClick",
	"ecommerce": {
		"click": {
			"actionField": { "list": "Search Results page" },
			"products": [{ 
				"name": "Central Market Organic Baby Spinach and Baby Kale", 
				"id": "1592752", 
				"category": "Fruit & Vegetables/Vegetables/Lettuce & Leafy Greens", 
				"brand": "Central Market", 
				"variant": "each",
				"price": 3.56,
				"position": 53, 
				"dimension26": "true",
				"dimension40": "default"
			}]
		}
	}
}
</script>

<script type="application/json" id="gtm-add-to-list-product-1592752">
	
	[{
		"event": "e_addToList",
		"ecommerce": {
			"add": {
				"actionField": {"list": "Search Results page"},
				"products": [{	
					"name": "Central Market Organic Baby Spinach and Baby Kale", 
					"id": "1592752", 
					"category": "Fruit & Vegetables",
					"brand": "Central Market", 
					"variant": "each", 
					"price": 3.56,
					"quantity": 1, 
					"dimension26": "true"
				}]
			}
		}
	}
	
	,{
		"event": "e_productClick",
		"ecommerce": {
			"click": {
				"actionField": {"list": "Search Results page"},
				"products": [{ 
					"name": "Central Market Organic Baby Spinach and Baby Kale", 
					"id": "1592752", 
					"category": "Fruit & Vegetables",
					"brand": "Central Market", 
					"variant": "each", 
					"price": 3.56,
					"position": 53,
					"dimension25": "product add to list",
					"dimension26": "true",
					"dimension40": "default"
				}]
			}
		}
	}
	
	]
	</script>

<input type="hidden" class="one-to-one-product" value="false"></li><li class="responsivegriditem product-grid-large-fifth product-grid-small-6" role="group">
		<a id="product-2839067" href="file:///C:/product-detail/central-market-organic-super-greens/2839067" aria-label="Central Market Organic Super Greens,
		10 oz,
		$4.31 each. Features:  ORGANIC." class="responsivegriditem__aria-link-wrap">
		<div class="responsivegriditem-top " onclick="gtm_e_productClick(&#39;gtm-product-click-2839067&#39;);">

			<div class="cat-feature clearfix">
				<div class="cat-feature-list clearfix">
   		<img src="./heb_lettuce_search_files/snipe-so95.jpg" title="ORGANIC">
	    		</div></div>
			<div class="cat-list-img gtm-product ">

				<img data-src="https://images.heb.com/is/image/HEBGrocery/prd-small/central-market-organic-super-greens-002839067.jpg" alt="" class="lazyload"><script type="application/ld+json">
{	
	"name": "Central Market Organic Super Greens", 
	"id": "2839067", 
	"category": "Fruit & Vegetables/Vegetables/Lettuce & Leafy Greens",
	"brand": "Central Market", 
	"variant": "each", 
	"price": 4.31,
	"list": "Search Results page",
	"position": "54",
	"dimension26": "true",
	"dimension40": "default"
}
</script>

</div>
			</div>
	
		<div class="responsivegriditem-middle ">
			<div class="responsivegriditem__title" onclick="gtm_e_productClick(&#39;gtm-product-click-2839067&#39;);">
					<span class="responsivegriditem__title">
					Central Market Organic Super Greens, <span class="item-size">10 oz</span></span></div>
			<div class="responsivegriditem__rating-container">
				<div class="cat-star clearfix">
    <div class=""><img src="file:///C:/img/stars/smallstaroff.png" alt=""></div>
			<div class=""><img src="file:///C:/img/stars/smallstaroff.png" alt=""></div>
			<div class=""><img src="file:///C:/img/stars/smallstaroff.png" alt=""></div>
			<div class=""><img src="file:///C:/img/stars/smallstaroff.png" alt=""></div>
			<div class="last-star"><img src="file:///C:/img/stars/smallstaroff.png" alt=""></div>
			</div></div>

			<div class="cat-price">
            <div class="responsivegriditem__price-label"></div>
                    <span class="cat-price-number">
                        $4.31 each</span>
                <span class="cat-sale-price-container">
                <span class="uomSalePrice">
                        ($0.44/oz)
                    </span>
                </span>
        </div><div class="cdp-moq">
				</div>
		</div>
	</a>
	<div class="responsivegriditem-bottom">
		<div class="cart-actions clearfix">
			<form id="form-2839067" data-product-id="2839067" data-is-hidden="false" data-is-disabled="false" data-is-ship-to-home="false" data-max-qty="99" data-remaining-stock="99" data-is-wine-moq-product="false" data-moq-val="1"><div class="quantity-picker">
			<input type="hidden" value="secondchoice">
					<input type="hidden" value="1" id="4122085558_2839067_quantity" data-minstock="1">
				</div>
	<input type="hidden" id="4122085558_maxQty" value="99">
		<input type="hidden" id="4122085558_remainingStock" value="99">
		<input type="hidden" id="4122085558_productId" value="2839067">
		<input type="hidden" name="isWineMOQProduct" value="false">
		<input type="hidden" id="4122085558_moqval" value="1">
			<bootstrap class="vue-instance-init">
			<add-to-bucket :product="{&quot;productAvailableAtContext&quot;:true,&quot;smallImageUrl&quot;:&quot;https://images.heb.com/is/image/HEBGrocery/prd-small/central-market-organic-super-greens-002839067.jpg&quot;,&quot;isPrimoPick&quot;:false,&quot;isBestAvailable&quot;:false,&quot;isOnAd&quot;:false,&quot;defaultLevelOneCategory&quot;:&quot;{name=Fruit &amp; Vegetables, id=490020}&quot;,&quot;displayName&quot;:&quot;Central Market Organic Super Greens&quot;,&quot;thumbnailMediumImageUrl&quot;:&quot;https://images.heb.com/is/image/HEBGrocery/prd-thumbnail-medium/central-market-organic-super-greens-002839067.jpg&quot;,&quot;showOnlineMarketingBug&quot;:false,&quot;pdpUrl&quot;:&quot;/product-detail/central-market-organic-super-greens/2839067&quot;,&quot;snipes&quot;:[{&quot;largeImageUrl&quot;:&quot;https://images.heb.com/is/image/HEBGrocery/snp-large/snipe-so95.jpg&quot;,&quot;name&quot;:&quot;ORGANIC&quot;,&quot;description&quot;:&quot;At least 95% organic and meets USDA standards which prohibits the use of GMOs.&quot;,&quot;position&quot;:1,&quot;mediumImageUrl&quot;:&quot;https://images.heb.com/is/image/HEBGrocery/snp-medium/snipe-so95.jpg&quot;}],&quot;defaultBreadCrumb&quot;:[{&quot;displayName&quot;:&quot;Shop&quot;},{&quot;displayName&quot;:&quot;Fruit &amp;amp; Vegetables&quot;},{&quot;displayName&quot;:&quot;Vegetables&quot;},{&quot;displayName&quot;:&quot;Lettuce &amp;amp; Leafy Greens&quot;}],&quot;mediumImageUrl&quot;:&quot;https://images.heb.com/is/image/HEBGrocery/prd-medium/central-market-organic-super-greens-002839067.jpg&quot;,&quot;defaultSku&quot;:{&quot;unitWeight&quot;:0,&quot;priceInfo&quot;:{&quot;salePrice&quot;:{&quot;unit&quot;:&quot;each&quot;,&quot;formatted&quot;:&quot;$4.31&quot;,&quot;listPriceAmountRounded&quot;:4.31},&quot;priceType&quot;:&quot;EACH&quot;,&quot;listPrice&quot;:{&quot;unit&quot;:&quot;each&quot;,&quot;formatted&quot;:&quot;$4.31&quot;,&quot;listPriceAmountRounded&quot;:4.31}},&quot;thumbnailImageUrl&quot;:&quot;https://images.heb.com/is/image/HEBGrocery/prd-thumbnail/central-market-organic-super-greens-002839067.jpg&quot;,&quot;couponIds&quot;:[],&quot;availableCouponIds&quot;:[],&quot;unitOfMeasure&quot;:&quot;oz&quot;,&quot;displayName&quot;:&quot;Organic Super Greens&quot;,&quot;onSale&quot;:false,&quot;sceneSevenImage&quot;:&quot;002839067&quot;,&quot;weightSelectionIncrements&quot;:[],&quot;customerFriendlySize&quot;:&quot;10 oz&quot;,&quot;id&quot;:&quot;4122085558&quot;,&quot;customerPurchaseChoice&quot;:&quot;EACH&quot;},&quot;minimumOrderQuantityProduct&quot;:false,&quot;minimumOrderQuantity&quot;:1,&quot;maximumOrderQuantity&quot;:99,&quot;thumbnailImageUrl&quot;:&quot;https://images.heb.com/is/image/HEBGrocery/prd-thumbnail/central-market-organic-super-greens-002839067.jpg&quot;,&quot;pricedByWeight&quot;:false,&quot;formattedSalePrice&quot;:&quot;$4.31 each&quot;,&quot;addToCartAllowed&quot;:true,&quot;randomWeight&quot;:false,&quot;addToCartDisabled&quot;:false,&quot;onSale&quot;:false,&quot;id&quot;:&quot;2839067&quot;,&quot;brand&quot;:&quot;Central Market&quot;,&quot;ownBrand&quot;:true,&quot;fulfillmentChannel&quot;:5005,&quot;storeAssortment&quot;:{&quot;marketingBugKey&quot;:&quot;&quot;,&quot;marketingBugDescription&quot;:&quot;&quot;,&quot;smallImageMarketingBugUrl&quot;:&quot;&quot;}}" bucket="cart" size="normal" listname="Search Results page" button-type="nonspa"></add-to-bucket>
		</bootstrap>
		<button data-action-requires-cookies="" class="cart-add-list btn btn-list btn-full-width mar-bot-0" title="Add to list" onclick="javascript:displayDropdown(this); return false;">Add to list</button>
							<!-- TODO Get this functionality for the vue version -->
							<div class="atl-container product-record" style="display: none;">
								<div class="atl-container-triangle"></div>
								<ul class="shoppingListSelector">
									<li>
											
											<a onclick="javascript:addToListFromPDP(&#39;2839067&#39;, &#39;4122085558&#39;, &#39;gl9476736530&#39;); return false;" href="file:///C:/Users/Christopher/flask-tutorial/heb_lettuce_search.html#" data-shoppinglistid="gl9476736530">My List</a></li>
									</ul>
							</div>
						</form></div>
	</div>

	<script type="application/ld+json" id="gtm-product-click-2839067">
{	
	"event": "e_productClick",
	"ecommerce": {
		"click": {
			"actionField": { "list": "Search Results page" },
			"products": [{ 
				"name": "Central Market Organic Super Greens", 
				"id": "2839067", 
				"category": "Fruit & Vegetables/Vegetables/Lettuce & Leafy Greens", 
				"brand": "Central Market", 
				"variant": "each",
				"price": 4.31,
				"position": 54, 
				"dimension26": "true",
				"dimension40": "default"
			}]
		}
	}
}
</script>

<script type="application/json" id="gtm-add-to-list-product-2839067">
	
	[{
		"event": "e_addToList",
		"ecommerce": {
			"add": {
				"actionField": {"list": "Search Results page"},
				"products": [{	
					"name": "Central Market Organic Super Greens", 
					"id": "2839067", 
					"category": "Fruit & Vegetables",
					"brand": "Central Market", 
					"variant": "each", 
					"price": 4.31,
					"quantity": 1, 
					"dimension26": "true"
				}]
			}
		}
	}
	
	,{
		"event": "e_productClick",
		"ecommerce": {
			"click": {
				"actionField": {"list": "Search Results page"},
				"products": [{ 
					"name": "Central Market Organic Super Greens", 
					"id": "2839067", 
					"category": "Fruit & Vegetables",
					"brand": "Central Market", 
					"variant": "each", 
					"price": 4.31,
					"position": 54,
					"dimension25": "product add to list",
					"dimension26": "true",
					"dimension40": "default"
				}]
			}
		}
	}
	
	]
	</script>

<input type="hidden" class="one-to-one-product" value="false"></li><li class="responsivegriditem product-grid-large-fifth product-grid-small-6" role="group">
		<a id="product-2839066" href="file:///C:/product-detail/central-market-organic-baby-spinach-baby-kale/2839066" aria-label="Central Market Organic Baby Spinach &amp; Baby Kale,
		10 oz,
		$4.31 each. Features:  ORGANIC." class="responsivegriditem__aria-link-wrap">
		<div class="responsivegriditem-top " onclick="gtm_e_productClick(&#39;gtm-product-click-2839066&#39;);">

			<div class="cat-feature clearfix">
				<div class="cat-feature-list clearfix">
   		<img src="./heb_lettuce_search_files/snipe-so95.jpg" title="ORGANIC">
	    		</div></div>
			<div class="cat-list-img gtm-product ">

				<img data-src="https://images.heb.com/is/image/HEBGrocery/prd-small/central-market-organic-baby-spinach-baby-kale-002839066.jpg" alt="" class="lazyload"><script type="application/ld+json">
{	
	"name": "Central Market Organic Baby Spinach & Baby Kale", 
	"id": "2839066", 
	"category": "Fruit & Vegetables/Vegetables/Lettuce & Leafy Greens",
	"brand": "Central Market", 
	"variant": "each", 
	"price": 4.31,
	"list": "Search Results page",
	"position": "55",
	"dimension26": "true",
	"dimension40": "default"
}
</script>

</div>
			</div>
	
		<div class="responsivegriditem-middle ">
			<div class="responsivegriditem__title" onclick="gtm_e_productClick(&#39;gtm-product-click-2839066&#39;);">
					<span class="responsivegriditem__title">
					Central Market Organic Baby Spinach &amp; Baby Kale, <span class="item-size">10 oz</span></span></div>
			<div class="responsivegriditem__rating-container">
				<div class="cat-star clearfix">
    <div class=""><img src="file:///C:/img/stars/smallstaroff.png" alt=""></div>
			<div class=""><img src="file:///C:/img/stars/smallstaroff.png" alt=""></div>
			<div class=""><img src="file:///C:/img/stars/smallstaroff.png" alt=""></div>
			<div class=""><img src="file:///C:/img/stars/smallstaroff.png" alt=""></div>
			<div class="last-star"><img src="file:///C:/img/stars/smallstaroff.png" alt=""></div>
			</div></div>

			<div class="cat-price">
            <div class="responsivegriditem__price-label"></div>
                    <span class="cat-price-number">
                        $4.31 each</span>
                <span class="cat-sale-price-container">
                <span class="uomSalePrice">
                        ($0.44/oz)
                    </span>
                </span>
        </div><div class="cdp-moq">
				</div>
		</div>
	</a>
	<div class="responsivegriditem-bottom">
		<div class="cart-actions clearfix">
			<form id="form-2839066" data-product-id="2839066" data-is-hidden="false" data-is-disabled="false" data-is-ship-to-home="false" data-max-qty="99" data-remaining-stock="99" data-is-wine-moq-product="false" data-moq-val="1"><div class="quantity-picker">
			<input type="hidden" value="secondchoice">
					<input type="hidden" value="1" id="4122085551_2839066_quantity" data-minstock="1">
				</div>
	<input type="hidden" id="4122085551_maxQty" value="99">
		<input type="hidden" id="4122085551_remainingStock" value="99">
		<input type="hidden" id="4122085551_productId" value="2839066">
		<input type="hidden" name="isWineMOQProduct" value="false">
		<input type="hidden" id="4122085551_moqval" value="1">
			<bootstrap class="vue-instance-init">
			<add-to-bucket :product="{&quot;productAvailableAtContext&quot;:true,&quot;smallImageUrl&quot;:&quot;https://images.heb.com/is/image/HEBGrocery/prd-small/central-market-organic-baby-spinach-baby-kale-002839066.jpg&quot;,&quot;isPrimoPick&quot;:false,&quot;isBestAvailable&quot;:false,&quot;isOnAd&quot;:false,&quot;defaultLevelOneCategory&quot;:&quot;{name=Fruit &amp; Vegetables, id=490020}&quot;,&quot;displayName&quot;:&quot;Central Market Organic Baby Spinach &amp;amp; Baby Kale&quot;,&quot;thumbnailMediumImageUrl&quot;:&quot;https://images.heb.com/is/image/HEBGrocery/prd-thumbnail-medium/central-market-organic-baby-spinach-baby-kale-002839066.jpg&quot;,&quot;showOnlineMarketingBug&quot;:false,&quot;pdpUrl&quot;:&quot;/product-detail/central-market-organic-baby-spinach-baby-kale/2839066&quot;,&quot;snipes&quot;:[{&quot;largeImageUrl&quot;:&quot;https://images.heb.com/is/image/HEBGrocery/snp-large/snipe-so95.jpg&quot;,&quot;name&quot;:&quot;ORGANIC&quot;,&quot;description&quot;:&quot;At least 95% organic and meets USDA standards which prohibits the use of GMOs.&quot;,&quot;position&quot;:1,&quot;mediumImageUrl&quot;:&quot;https://images.heb.com/is/image/HEBGrocery/snp-medium/snipe-so95.jpg&quot;}],&quot;defaultBreadCrumb&quot;:[{&quot;displayName&quot;:&quot;Shop&quot;},{&quot;displayName&quot;:&quot;Fruit &amp;amp; Vegetables&quot;},{&quot;displayName&quot;:&quot;Vegetables&quot;},{&quot;displayName&quot;:&quot;Lettuce &amp;amp; Leafy Greens&quot;}],&quot;mediumImageUrl&quot;:&quot;https://images.heb.com/is/image/HEBGrocery/prd-medium/central-market-organic-baby-spinach-baby-kale-002839066.jpg&quot;,&quot;defaultSku&quot;:{&quot;unitWeight&quot;:0,&quot;priceInfo&quot;:{&quot;salePrice&quot;:{&quot;unit&quot;:&quot;each&quot;,&quot;formatted&quot;:&quot;$4.31&quot;,&quot;listPriceAmountRounded&quot;:4.31},&quot;priceType&quot;:&quot;EACH&quot;,&quot;listPrice&quot;:{&quot;unit&quot;:&quot;each&quot;,&quot;formatted&quot;:&quot;$4.31&quot;,&quot;listPriceAmountRounded&quot;:4.31}},&quot;thumbnailImageUrl&quot;:&quot;https://images.heb.com/is/image/HEBGrocery/prd-thumbnail/central-market-organic-baby-spinach-baby-kale-002839066.jpg&quot;,&quot;couponIds&quot;:[],&quot;availableCouponIds&quot;:[],&quot;unitOfMeasure&quot;:&quot;oz&quot;,&quot;displayName&quot;:&quot;Organic Baby Spinach &amp;amp; Baby Kale&quot;,&quot;onSale&quot;:false,&quot;sceneSevenImage&quot;:&quot;002839066&quot;,&quot;weightSelectionIncrements&quot;:[],&quot;customerFriendlySize&quot;:&quot;10 oz&quot;,&quot;id&quot;:&quot;4122085551&quot;,&quot;customerPurchaseChoice&quot;:&quot;EACH&quot;},&quot;minimumOrderQuantityProduct&quot;:false,&quot;minimumOrderQuantity&quot;:1,&quot;maximumOrderQuantity&quot;:99,&quot;thumbnailImageUrl&quot;:&quot;https://images.heb.com/is/image/HEBGrocery/prd-thumbnail/central-market-organic-baby-spinach-baby-kale-002839066.jpg&quot;,&quot;pricedByWeight&quot;:false,&quot;formattedSalePrice&quot;:&quot;$4.31 each&quot;,&quot;addToCartAllowed&quot;:true,&quot;randomWeight&quot;:false,&quot;addToCartDisabled&quot;:false,&quot;onSale&quot;:false,&quot;id&quot;:&quot;2839066&quot;,&quot;brand&quot;:&quot;Central Market&quot;,&quot;ownBrand&quot;:true,&quot;fulfillmentChannel&quot;:5005,&quot;storeAssortment&quot;:{&quot;marketingBugKey&quot;:&quot;&quot;,&quot;marketingBugDescription&quot;:&quot;&quot;,&quot;smallImageMarketingBugUrl&quot;:&quot;&quot;}}" bucket="cart" size="normal" listname="Search Results page" button-type="nonspa"></add-to-bucket>
		</bootstrap>
		<button data-action-requires-cookies="" class="cart-add-list btn btn-list btn-full-width mar-bot-0" title="Add to list" onclick="javascript:displayDropdown(this); return false;">Add to list</button>
							<!-- TODO Get this functionality for the vue version -->
							<div class="atl-container product-record" style="display: none;">
								<div class="atl-container-triangle"></div>
								<ul class="shoppingListSelector">
									<li>
											
											<a onclick="javascript:addToListFromPDP(&#39;2839066&#39;, &#39;4122085551&#39;, &#39;gl9476736530&#39;); return false;" href="file:///C:/Users/Christopher/flask-tutorial/heb_lettuce_search.html#" data-shoppinglistid="gl9476736530">My List</a></li>
									</ul>
							</div>
						</form></div>
	</div>

	<script type="application/ld+json" id="gtm-product-click-2839066">
{	
	"event": "e_productClick",
	"ecommerce": {
		"click": {
			"actionField": { "list": "Search Results page" },
			"products": [{ 
				"name": "Central Market Organic Baby Spinach & Baby Kale", 
				"id": "2839066", 
				"category": "Fruit & Vegetables/Vegetables/Lettuce & Leafy Greens", 
				"brand": "Central Market", 
				"variant": "each",
				"price": 4.31,
				"position": 55, 
				"dimension26": "true",
				"dimension40": "default"
			}]
		}
	}
}
</script>

<script type="application/json" id="gtm-add-to-list-product-2839066">
	
	[{
		"event": "e_addToList",
		"ecommerce": {
			"add": {
				"actionField": {"list": "Search Results page"},
				"products": [{	
					"name": "Central Market Organic Baby Spinach & Baby Kale", 
					"id": "2839066", 
					"category": "Fruit & Vegetables",
					"brand": "Central Market", 
					"variant": "each", 
					"price": 4.31,
					"quantity": 1, 
					"dimension26": "true"
				}]
			}
		}
	}
	
	,{
		"event": "e_productClick",
		"ecommerce": {
			"click": {
				"actionField": {"list": "Search Results page"},
				"products": [{ 
					"name": "Central Market Organic Baby Spinach & Baby Kale", 
					"id": "2839066", 
					"category": "Fruit & Vegetables",
					"brand": "Central Market", 
					"variant": "each", 
					"price": 4.31,
					"position": 55,
					"dimension25": "product add to list",
					"dimension26": "true",
					"dimension40": "default"
				}]
			}
		}
	}
	
	]
	</script>

<input type="hidden" class="one-to-one-product" value="false"></li><li class="responsivegriditem product-grid-large-fifth product-grid-small-6" role="group">
		<a id="product-1592751" href="file:///C:/product-detail/central-market-organic-super-greens/1592751" aria-label="Central Market Organic Super Greens,
		5 oz,
		$3.56 each. Features:  ORGANIC.  HEART HEALTHY.  FIBER SOURCE. Primo Pick." class="responsivegriditem__aria-link-wrap">
		<div class="responsivegriditem-top " onclick="gtm_e_productClick(&#39;gtm-product-click-1592751&#39;);">

			<div class="cat-feature clearfix">
				<img data-src="https://images.heb.com/is/image/HEBGrocery/mkt-small/marketingbug-primopck.jpg" alt="Primo Pick" class="lazyload product-card__flag product-card__flag--product-card__flag--marketing-bug">
					<div class="cat-feature-list clearfix">
   		<img src="./heb_lettuce_search_files/snipe-so95.jpg" title="ORGANIC">
	    		<img src="./heb_lettuce_search_files/snipe-shh.jpg" title="HEART HEALTHY">
	    		<img src="./heb_lettuce_search_files/snipe-sgsf.jpg" title="FIBER SOURCE">
	    		</div></div>
			<div class="cat-list-img gtm-product ">

				<img data-src="https://images.heb.com/is/image/HEBGrocery/prd-small/central-market-organic-super-greens-001592751.jpg" alt="" class="lazyload"><script type="application/ld+json">
{	
	"name": "Central Market Organic Super Greens", 
	"id": "1592751", 
	"category": "Fruit & Vegetables/Vegetables/Lettuce & Leafy Greens",
	"brand": "Central Market", 
	"variant": "each", 
	"price": 3.56,
	"list": "Search Results page",
	"position": "56",
	"dimension26": "true",
	"dimension40": "default"
}
</script>

</div>
			</div>
	
		<div class="responsivegriditem-middle ">
			<div class="responsivegriditem__title" onclick="gtm_e_productClick(&#39;gtm-product-click-1592751&#39;);">
					<span class="responsivegriditem__title">
					Central Market Organic Super Greens, <span class="item-size">5 oz</span></span></div>
			<div class="responsivegriditem__rating-container">
				<div class="cat-star clearfix">
    <div class=""><img src="file:///C:/img/stars/smallstaroff.png" alt=""></div>
			<div class=""><img src="file:///C:/img/stars/smallstaroff.png" alt=""></div>
			<div class=""><img src="file:///C:/img/stars/smallstaroff.png" alt=""></div>
			<div class=""><img src="file:///C:/img/stars/smallstaroff.png" alt=""></div>
			<div class="last-star"><img src="file:///C:/img/stars/smallstaroff.png" alt=""></div>
			</div></div>

			<div class="cat-price">
            <div class="responsivegriditem__price-label"></div>
                    <span class="cat-price-number">
                        $3.56 each</span>
                <span class="cat-sale-price-container">
                <span class="uomSalePrice">
                        ($0.72/oz)
                    </span>
                </span>
        </div><div class="cdp-moq">
				</div>
		</div>
	</a>
	<div class="responsivegriditem-bottom">
		<div class="cart-actions clearfix">
			<form id="form-1592751" data-product-id="1592751" data-is-hidden="false" data-is-disabled="false" data-is-ship-to-home="false" data-max-qty="99" data-remaining-stock="99" data-is-wine-moq-product="false" data-moq-val="1"><div class="quantity-picker">
			<input type="hidden" value="secondchoice">
					<input type="hidden" value="1" id="4122092460_1592751_quantity" data-minstock="1">
				</div>
	<input type="hidden" id="4122092460_maxQty" value="99">
		<input type="hidden" id="4122092460_remainingStock" value="99">
		<input type="hidden" id="4122092460_productId" value="1592751">
		<input type="hidden" name="isWineMOQProduct" value="false">
		<input type="hidden" id="4122092460_moqval" value="1">
			<bootstrap class="vue-instance-init">
			<add-to-bucket :product="{&quot;productAvailableAtContext&quot;:true,&quot;smallImageUrl&quot;:&quot;https://images.heb.com/is/image/HEBGrocery/prd-small/central-market-organic-super-greens-001592751.jpg&quot;,&quot;isPrimoPick&quot;:true,&quot;isBestAvailable&quot;:false,&quot;isOnAd&quot;:false,&quot;defaultLevelOneCategory&quot;:&quot;{name=Fruit &amp; Vegetables, id=490020}&quot;,&quot;displayName&quot;:&quot;Central Market Organic Super Greens&quot;,&quot;thumbnailMediumImageUrl&quot;:&quot;https://images.heb.com/is/image/HEBGrocery/prd-thumbnail-medium/central-market-organic-super-greens-001592751.jpg&quot;,&quot;showOnlineMarketingBug&quot;:true,&quot;pdpUrl&quot;:&quot;/product-detail/central-market-organic-super-greens/1592751&quot;,&quot;snipes&quot;:[{&quot;largeImageUrl&quot;:&quot;https://images.heb.com/is/image/HEBGrocery/snp-large/snipe-so95.jpg&quot;,&quot;name&quot;:&quot;ORGANIC&quot;,&quot;description&quot;:&quot;At least 95% organic and meets USDA standards which prohibits the use of GMOs.&quot;,&quot;position&quot;:1,&quot;mediumImageUrl&quot;:&quot;https://images.heb.com/is/image/HEBGrocery/snp-medium/snipe-so95.jpg&quot;},{&quot;largeImageUrl&quot;:&quot;https://images.heb.com/is/image/HEBGrocery/snp-large/snipe-shh.jpg&quot;,&quot;name&quot;:&quot;HEART HEALTHY&quot;,&quot;description&quot;:&quot;Low in fat, sat. fat, &amp;amp; cholesterol; =600 mg sodium; 10% DV of at least 1: Vit. A, C, Calcium, Iron, Fiber or Protein per serving. While many factors affect heart disease, diets low in saturated fat and cholesterol may reduce the risk of this disease.&quot;,&quot;position&quot;:1,&quot;mediumImageUrl&quot;:&quot;https://images.heb.com/is/image/HEBGrocery/snp-medium/snipe-shh.jpg&quot;},{&quot;largeImageUrl&quot;:&quot;https://images.heb.com/is/image/HEBGrocery/snp-large/snipe-sgsf.jpg&quot;,&quot;name&quot;:&quot;FIBER SOURCE&quot;,&quot;description&quot;:&quot;&amp;gt;=10% daily value of fiber per serving and &amp;lt;= 3g of total fat per serving.&quot;,&quot;position&quot;:1,&quot;mediumImageUrl&quot;:&quot;https://images.heb.com/is/image/HEBGrocery/snp-medium/snipe-sgsf.jpg&quot;}],&quot;defaultBreadCrumb&quot;:[{&quot;displayName&quot;:&quot;Shop&quot;},{&quot;displayName&quot;:&quot;Fruit &amp;amp; Vegetables&quot;},{&quot;displayName&quot;:&quot;Vegetables&quot;},{&quot;displayName&quot;:&quot;Lettuce &amp;amp; Leafy Greens&quot;}],&quot;mediumImageUrl&quot;:&quot;https://images.heb.com/is/image/HEBGrocery/prd-medium/central-market-organic-super-greens-001592751.jpg&quot;,&quot;defaultSku&quot;:{&quot;unitWeight&quot;:0.445,&quot;priceInfo&quot;:{&quot;salePrice&quot;:{&quot;unit&quot;:&quot;each&quot;,&quot;formatted&quot;:&quot;$3.56&quot;,&quot;listPriceAmountRounded&quot;:3.56},&quot;priceType&quot;:&quot;EACH&quot;,&quot;listPrice&quot;:{&quot;unit&quot;:&quot;each&quot;,&quot;formatted&quot;:&quot;$3.56&quot;,&quot;listPriceAmountRounded&quot;:3.56}},&quot;thumbnailImageUrl&quot;:&quot;https://images.heb.com/is/image/HEBGrocery/prd-thumbnail/central-market-organic-super-greens-001592751.jpg&quot;,&quot;couponIds&quot;:[],&quot;availableCouponIds&quot;:[],&quot;unitOfMeasure&quot;:&quot;oz&quot;,&quot;displayName&quot;:&quot;Organic Super Greens&quot;,&quot;onSale&quot;:false,&quot;sceneSevenImage&quot;:&quot;001592751&quot;,&quot;weightSelectionIncrements&quot;:[],&quot;customerFriendlySize&quot;:&quot;5 oz&quot;,&quot;id&quot;:&quot;4122092460&quot;,&quot;customerPurchaseChoice&quot;:&quot;EACH&quot;},&quot;minimumOrderQuantityProduct&quot;:false,&quot;minimumOrderQuantity&quot;:1,&quot;maximumOrderQuantity&quot;:99,&quot;thumbnailImageUrl&quot;:&quot;https://images.heb.com/is/image/HEBGrocery/prd-thumbnail/central-market-organic-super-greens-001592751.jpg&quot;,&quot;pricedByWeight&quot;:false,&quot;formattedSalePrice&quot;:&quot;$3.56 each&quot;,&quot;addToCartAllowed&quot;:true,&quot;randomWeight&quot;:false,&quot;addToCartDisabled&quot;:false,&quot;onSale&quot;:false,&quot;id&quot;:&quot;1592751&quot;,&quot;brand&quot;:&quot;Central Market&quot;,&quot;ownBrand&quot;:true,&quot;fulfillmentChannel&quot;:5005,&quot;storeAssortment&quot;:{&quot;marketingBugKey&quot;:&quot;PRIMOPCK&quot;,&quot;marketingBugDescription&quot;:&quot;Primo Pick&quot;,&quot;smallImageMarketingBugUrl&quot;:&quot;https://images.heb.com/is/image/HEBGrocery/mkt-small/marketingbug-primopck.jpg&quot;}}" bucket="cart" size="normal" listname="Search Results page" button-type="nonspa"></add-to-bucket>
		</bootstrap>
		<button data-action-requires-cookies="" class="cart-add-list btn btn-list btn-full-width mar-bot-0" title="Add to list" onclick="javascript:displayDropdown(this); return false;">Add to list</button>
							<!-- TODO Get this functionality for the vue version -->
							<div class="atl-container product-record" style="display: none;">
								<div class="atl-container-triangle"></div>
								<ul class="shoppingListSelector">
									<li>
											
											<a onclick="javascript:addToListFromPDP(&#39;1592751&#39;, &#39;4122092460&#39;, &#39;gl9476736530&#39;); return false;" href="file:///C:/Users/Christopher/flask-tutorial/heb_lettuce_search.html#" data-shoppinglistid="gl9476736530">My List</a></li>
									</ul>
							</div>
						</form></div>
	</div>

	<script type="application/ld+json" id="gtm-product-click-1592751">
{	
	"event": "e_productClick",
	"ecommerce": {
		"click": {
			"actionField": { "list": "Search Results page" },
			"products": [{ 
				"name": "Central Market Organic Super Greens", 
				"id": "1592751", 
				"category": "Fruit & Vegetables/Vegetables/Lettuce & Leafy Greens", 
				"brand": "Central Market", 
				"variant": "each",
				"price": 3.56,
				"position": 56, 
				"dimension26": "true",
				"dimension40": "default"
			}]
		}
	}
}
</script>

<script type="application/json" id="gtm-add-to-list-product-1592751">
	
	[{
		"event": "e_addToList",
		"ecommerce": {
			"add": {
				"actionField": {"list": "Search Results page"},
				"products": [{	
					"name": "Central Market Organic Super Greens", 
					"id": "1592751", 
					"category": "Fruit & Vegetables",
					"brand": "Central Market", 
					"variant": "each", 
					"price": 3.56,
					"quantity": 1, 
					"dimension26": "true"
				}]
			}
		}
	}
	
	,{
		"event": "e_productClick",
		"ecommerce": {
			"click": {
				"actionField": {"list": "Search Results page"},
				"products": [{ 
					"name": "Central Market Organic Super Greens", 
					"id": "1592751", 
					"category": "Fruit & Vegetables",
					"brand": "Central Market", 
					"variant": "each", 
					"price": 3.56,
					"position": 56,
					"dimension25": "product add to list",
					"dimension26": "true",
					"dimension40": "default"
				}]
			}
		}
	}
	
	]
	</script>

<input type="hidden" class="one-to-one-product" value="false"></li><li class="responsivegriditem product-grid-large-fifth product-grid-small-6" role="group">
		<a id="product-1685944" href="file:///C:/product-detail/dole-baby-spinach/1685944" aria-label="Dole Baby Spinach,
		5 oz,
		$3.38 each.Coupon available.  Features:  HEART HEALTHY." class="responsivegriditem__aria-link-wrap">
		<div class="responsivegriditem-top " onclick="gtm_e_productClick(&#39;gtm-product-click-1685944&#39;);">

			<div class="cat-feature clearfix">
				<img src="file:///C:/img/flag-coupon.svg" class="product-card__flag product-card__flag--coupon" alt="">
					<div class="cat-feature-list clearfix">
   		<img src="./heb_lettuce_search_files/snipe-shh.jpg" title="HEART HEALTHY">
	    		</div></div>
			<div class="cat-list-img gtm-product ">

				<img data-src="https://images.heb.com/is/image/HEBGrocery/prd-small/dole-baby-spinach-001685944.jpg" alt="" class="lazyload"><script type="application/ld+json">
{	
	"name": "Dole Baby Spinach", 
	"id": "1685944", 
	"category": "Fruit & Vegetables/Vegetables/Lettuce & Leafy Greens",
	"brand": "Dole", 
	"variant": "each", 
	"price": 3.38,
	"list": "Search Results page",
	"position": "57",
	"dimension26": "false",
	"dimension40": "default"
}
</script>

</div>
			</div>
	
		<div class="responsivegriditem-middle ">
			<div class="responsivegriditem__title" onclick="gtm_e_productClick(&#39;gtm-product-click-1685944&#39;);">
					<span class="responsivegriditem__title">
					Dole Baby Spinach, <span class="item-size">5 oz</span></span></div>
			<div class="responsivegriditem__rating-container">
				<div class="cat-star clearfix">
    <div class=""><img src="file:///C:/img/stars/smallstaroff.png" alt=""></div>
			<div class=""><img src="file:///C:/img/stars/smallstaroff.png" alt=""></div>
			<div class=""><img src="file:///C:/img/stars/smallstaroff.png" alt=""></div>
			<div class=""><img src="file:///C:/img/stars/smallstaroff.png" alt=""></div>
			<div class="last-star"><img src="file:///C:/img/stars/smallstaroff.png" alt=""></div>
			</div></div>

			<div class="cat-price">
            <div class="responsivegriditem__price-label"></div>
                    <span class="cat-price-number">
                        $3.38 each</span>
                <span class="cat-sale-price-container">
                </span>
        </div><div class="cdp-moq">
				</div>
		</div>
	</a>
	<div class="responsivegriditem-bottom">
		<div class="cart-actions clearfix">
			<form id="form-1685944" data-product-id="1685944" data-is-hidden="false" data-is-disabled="false" data-is-ship-to-home="false" data-max-qty="99" data-remaining-stock="99" data-is-wine-moq-product="false" data-moq-val="1"><div class="quantity-picker">
			<input type="hidden" value="secondchoice">
					<input type="hidden" value="1" id="7143001094_1685944_quantity" data-minstock="1">
				</div>
	<input type="hidden" id="7143001094_maxQty" value="99">
		<input type="hidden" id="7143001094_remainingStock" value="99">
		<input type="hidden" id="7143001094_productId" value="1685944">
		<input type="hidden" name="isWineMOQProduct" value="false">
		<input type="hidden" id="7143001094_moqval" value="1">
			<bootstrap class="vue-instance-init">
			<add-to-bucket :product="{&quot;productAvailableAtContext&quot;:true,&quot;smallImageUrl&quot;:&quot;https://images.heb.com/is/image/HEBGrocery/prd-small/dole-baby-spinach-001685944.jpg&quot;,&quot;isPrimoPick&quot;:false,&quot;isBestAvailable&quot;:false,&quot;isOnAd&quot;:false,&quot;defaultLevelOneCategory&quot;:&quot;{name=Fruit &amp; Vegetables, id=490020}&quot;,&quot;displayName&quot;:&quot;Dole Baby Spinach&quot;,&quot;thumbnailMediumImageUrl&quot;:&quot;https://images.heb.com/is/image/HEBGrocery/prd-thumbnail-medium/dole-baby-spinach-001685944.jpg&quot;,&quot;showOnlineMarketingBug&quot;:false,&quot;pdpUrl&quot;:&quot;/product-detail/dole-baby-spinach/1685944&quot;,&quot;snipes&quot;:[{&quot;largeImageUrl&quot;:&quot;https://images.heb.com/is/image/HEBGrocery/snp-large/snipe-shh.jpg&quot;,&quot;name&quot;:&quot;HEART HEALTHY&quot;,&quot;description&quot;:&quot;Low in fat, sat. fat, &amp;amp; cholesterol; =600 mg sodium; 10% DV of at least 1: Vit. A, C, Calcium, Iron, Fiber or Protein per serving. While many factors affect heart disease, diets low in saturated fat and cholesterol may reduce the risk of this disease.&quot;,&quot;position&quot;:1,&quot;mediumImageUrl&quot;:&quot;https://images.heb.com/is/image/HEBGrocery/snp-medium/snipe-shh.jpg&quot;}],&quot;defaultBreadCrumb&quot;:[{&quot;displayName&quot;:&quot;Shop&quot;},{&quot;displayName&quot;:&quot;Fruit &amp;amp; Vegetables&quot;},{&quot;displayName&quot;:&quot;Vegetables&quot;},{&quot;displayName&quot;:&quot;Lettuce &amp;amp; Leafy Greens&quot;}],&quot;mediumImageUrl&quot;:&quot;https://images.heb.com/is/image/HEBGrocery/prd-medium/dole-baby-spinach-001685944.jpg&quot;,&quot;defaultSku&quot;:{&quot;unitWeight&quot;:80,&quot;priceInfo&quot;:{&quot;salePrice&quot;:{&quot;unit&quot;:&quot;each&quot;,&quot;formatted&quot;:&quot;$3.38&quot;,&quot;listPriceAmountRounded&quot;:3.38},&quot;priceType&quot;:&quot;EACH&quot;,&quot;listPrice&quot;:{&quot;unit&quot;:&quot;each&quot;,&quot;formatted&quot;:&quot;$3.38&quot;,&quot;listPriceAmountRounded&quot;:3.38}},&quot;thumbnailImageUrl&quot;:&quot;https://images.heb.com/is/image/HEBGrocery/prd-thumbnail/dole-baby-spinach-001685944.jpg&quot;,&quot;couponIds&quot;:[&quot;40009847&quot;],&quot;availableCouponIds&quot;:[&quot;40009847&quot;],&quot;unitOfMeasure&quot;:&quot;EACH&quot;,&quot;displayName&quot;:&quot;Baby Spinach&quot;,&quot;onSale&quot;:false,&quot;sceneSevenImage&quot;:&quot;001685944&quot;,&quot;weightSelectionIncrements&quot;:[],&quot;customerFriendlySize&quot;:&quot;5 oz&quot;,&quot;id&quot;:&quot;7143001094&quot;,&quot;customerPurchaseChoice&quot;:&quot;EACH&quot;},&quot;minimumOrderQuantityProduct&quot;:false,&quot;minimumOrderQuantity&quot;:1,&quot;maximumOrderQuantity&quot;:99,&quot;thumbnailImageUrl&quot;:&quot;https://images.heb.com/is/image/HEBGrocery/prd-thumbnail/dole-baby-spinach-001685944.jpg&quot;,&quot;pricedByWeight&quot;:false,&quot;formattedSalePrice&quot;:&quot;$3.38 each&quot;,&quot;addToCartAllowed&quot;:true,&quot;randomWeight&quot;:false,&quot;addToCartDisabled&quot;:false,&quot;onSale&quot;:false,&quot;id&quot;:&quot;1685944&quot;,&quot;brand&quot;:&quot;Dole&quot;,&quot;ownBrand&quot;:false,&quot;fulfillmentChannel&quot;:5005,&quot;storeAssortment&quot;:{&quot;marketingBugKey&quot;:&quot;&quot;,&quot;marketingBugDescription&quot;:&quot;&quot;,&quot;smallImageMarketingBugUrl&quot;:&quot;&quot;}}" bucket="cart" size="normal" listname="Search Results page" button-type="nonspa"></add-to-bucket>
		</bootstrap>
		<button data-action-requires-cookies="" class="cart-add-list btn btn-list btn-full-width mar-bot-0" title="Add to list" onclick="javascript:displayDropdown(this); return false;">Add to list</button>
							<!-- TODO Get this functionality for the vue version -->
							<div class="atl-container product-record" style="display: none;">
								<div class="atl-container-triangle"></div>
								<ul class="shoppingListSelector">
									<li>
											
											<a onclick="javascript:addToListFromPDP(&#39;1685944&#39;, &#39;7143001094&#39;, &#39;gl9476736530&#39;); return false;" href="file:///C:/Users/Christopher/flask-tutorial/heb_lettuce_search.html#" data-shoppinglistid="gl9476736530">My List</a></li>
									</ul>
							</div>
						</form></div>
	</div>

	<script type="application/ld+json" id="gtm-product-click-1685944">
{	
	"event": "e_productClick",
	"ecommerce": {
		"click": {
			"actionField": { "list": "Search Results page" },
			"products": [{ 
				"name": "Dole Baby Spinach", 
				"id": "1685944", 
				"category": "Fruit & Vegetables/Vegetables/Lettuce & Leafy Greens", 
				"brand": "Dole", 
				"variant": "each",
				"price": 3.38,
				"position": 57, 
				"dimension26": "false",
				"dimension40": "default"
			}]
		}
	}
}
</script>

<script type="application/json" id="gtm-add-to-list-product-1685944">
	
	[{
		"event": "e_addToList",
		"ecommerce": {
			"add": {
				"actionField": {"list": "Search Results page"},
				"products": [{	
					"name": "Dole Baby Spinach", 
					"id": "1685944", 
					"category": "Fruit & Vegetables",
					"brand": "Dole", 
					"variant": "each", 
					"price": 3.38,
					"quantity": 1, 
					"dimension26": "false"
				}]
			}
		}
	}
	
	,{
		"event": "e_productClick",
		"ecommerce": {
			"click": {
				"actionField": {"list": "Search Results page"},
				"products": [{ 
					"name": "Dole Baby Spinach", 
					"id": "1685944", 
					"category": "Fruit & Vegetables",
					"brand": "Dole", 
					"variant": "each", 
					"price": 3.38,
					"position": 57,
					"dimension25": "product add to list",
					"dimension26": "false",
					"dimension40": "default"
				}]
			}
		}
	}
	
	]
	</script>

<!--Checks to see if these coupons have been clipped, then sets them up accordingly -->
						<div class="one-to-one-container one-to-one-container-40009847" id="1685944-40009847" data-1to1-product-id="1685944">
							<input type="hidden" class="one-to-one-product" value="true">
							<input type="hidden" class="has-been-shown" value="false">
							<div class="one-to-one-card-background"></div>
							<div class="one-to-one-card" id="one-to-one-40009847">
								<div class="one-to-one-header">
								<a id="one-to-one-close-40009847" aria-label="Close" onclick="oneToOneToggle(&#39;#1685944-40009847&#39;)">×</a>
								</div>
								<a href="javascript:void(0);" title="More" onclick="loadCouponModelOverlay(&#39;40009847&#39;, &#39;&#39;,&#39;&#39;)">
									<div class="one-to-one-title">Coupon For Product</div>
									<div class="one-to-one-image"></div>
									<div class="one-to-one-description">Coupon Not Available</div>
									<div class="one-to-one-offer"></div>
								</a>
								<div class="one-to-one-actions" style="display:none;">
									<a href="file:///C:/my-account/login" data-action-requires-cookies="" class="btn btn-full-width btn-coupon coupon-item-action-button" title="Clip"><i class="fa fa-scissors" aria-hidden="true"></i> Clip</a>
				</div>
							</div>
							</div>


						<script>
							//This goes off and fetches coupon information, and runs processCouponDetails to put the information into the one to one card
							$( document ).ready(function() {
								VueStore.$store.dispatch('cart/FETCH_COUPON_DETAILS', {
									id: 40009847,
									callback: processCouponDetails,
									summary: true})
							});
						</script></li><li class="responsivegriditem product-grid-large-fifth product-grid-small-6" role="group">
		<a id="product-2504031" href="file:///C:/product-detail/h-e-b-select-ingredients-bacon-caesar-salad-kit-nbsp-/2504031" aria-label="H-E-B Select Ingredients Bacon Caesar Salad Kit ,
		11.45 oz,
		$3.89 each. Features:  SELECT INGREDIENTS." class="responsivegriditem__aria-link-wrap">
		<div class="responsivegriditem-top " onclick="gtm_e_productClick(&#39;gtm-product-click-2504031&#39;);">

			<div class="cat-feature clearfix">
				<div class="cat-feature-list clearfix">
   		<img src="./heb_lettuce_search_files/snipe-shsi.jpg" title="SELECT INGREDIENTS">
	    		</div></div>
			<div class="cat-list-img gtm-product ">

				<img data-src="https://images.heb.com/is/image/HEBGrocery/prd-small/h-e-b-select-ingredients-bacon-caesar-salad-kit-nbsp--002504031.jpg" alt="" class="lazyload"><script type="application/ld+json">
{	
	"name": "H-E-B Select Ingredients Bacon Caesar Salad Kit&nbsp;", 
	"id": "2504031", 
	"category": "Deli & Prepared Food/Ready Meals & Snacks/Salads",
	"brand": "H-E-B", 
	"variant": "each", 
	"price": 3.89,
	"list": "Search Results page",
	"position": "58",
	"dimension26": "true",
	"dimension40": "default"
}
</script>

</div>
			</div>
	
		<div class="responsivegriditem-middle ">
			<div class="responsivegriditem__title" onclick="gtm_e_productClick(&#39;gtm-product-click-2504031&#39;);">
					<span class="responsivegriditem__title">
					H-E-B Select Ingredients Bacon Caesar Salad Kit&nbsp;, <span class="item-size">11.45 oz</span></span></div>
			<div class="responsivegriditem__rating-container">
				<div class="cat-star clearfix">
    <div class=""><img src="file:///C:/img/stars/smallstaroff.png" alt=""></div>
			<div class=""><img src="file:///C:/img/stars/smallstaroff.png" alt=""></div>
			<div class=""><img src="file:///C:/img/stars/smallstaroff.png" alt=""></div>
			<div class=""><img src="file:///C:/img/stars/smallstaroff.png" alt=""></div>
			<div class="last-star"><img src="file:///C:/img/stars/smallstaroff.png" alt=""></div>
			</div></div>

			<div class="cat-price">
            <div class="responsivegriditem__price-label"></div>
                    <span class="cat-price-number">
                        $3.89 each</span>
                <span class="cat-sale-price-container">
                </span>
        </div><div class="cdp-moq">
				</div>
		</div>
	</a>
	<div class="responsivegriditem-bottom">
		<div class="cart-actions clearfix">
			<form id="form-2504031" data-product-id="2504031" data-is-hidden="false" data-is-disabled="false" data-is-ship-to-home="false" data-max-qty="99" data-remaining-stock="99" data-is-wine-moq-product="false" data-moq-val="1"><div class="quantity-picker">
			<input type="hidden" value="secondchoice">
					<input type="hidden" value="1" id="4122071873_2504031_quantity" data-minstock="1">
				</div>
	<input type="hidden" id="4122071873_maxQty" value="99">
		<input type="hidden" id="4122071873_remainingStock" value="99">
		<input type="hidden" id="4122071873_productId" value="2504031">
		<input type="hidden" name="isWineMOQProduct" value="false">
		<input type="hidden" id="4122071873_moqval" value="1">
			<bootstrap class="vue-instance-init">
			<add-to-bucket :product="{&quot;productAvailableAtContext&quot;:true,&quot;smallImageUrl&quot;:&quot;https://images.heb.com/is/image/HEBGrocery/prd-small/h-e-b-select-ingredients-bacon-caesar-salad-kit-nbsp--002504031.jpg&quot;,&quot;isPrimoPick&quot;:false,&quot;isBestAvailable&quot;:false,&quot;isOnAd&quot;:false,&quot;defaultLevelOneCategory&quot;:&quot;{name=Deli &amp; Prepared Food, id=490017}&quot;,&quot;displayName&quot;:&quot;H-E-B Select Ingredients Bacon Caesar Salad Kit&amp;amp;nbsp;&quot;,&quot;thumbnailMediumImageUrl&quot;:&quot;https://images.heb.com/is/image/HEBGrocery/prd-thumbnail-medium/h-e-b-select-ingredients-bacon-caesar-salad-kit-nbsp--002504031.jpg&quot;,&quot;showOnlineMarketingBug&quot;:false,&quot;pdpUrl&quot;:&quot;/product-detail/h-e-b-select-ingredients-bacon-caesar-salad-kit-nbsp-/2504031&quot;,&quot;snipes&quot;:[{&quot;largeImageUrl&quot;:&quot;https://images.heb.com/is/image/HEBGrocery/snp-large/snipe-shsi.jpg&quot;,&quot;name&quot;:&quot;SELECT INGREDIENTS&quot;,&quot;description&quot;:&quot;With H-E-B® select ingredients, you will enjoy foods with carefully chosen ingredients. We never use high fructose corn syrup or hundreds of other synthetic ingredients that may be used in processed foods. For a complete list of ingredients not allowed in H-E-B® select ingredients and a list of additional products to add to your shopping list visit heb.com/select&quot;,&quot;position&quot;:1,&quot;mediumImageUrl&quot;:&quot;https://images.heb.com/is/image/HEBGrocery/snp-medium/snipe-shsi.jpg&quot;}],&quot;defaultBreadCrumb&quot;:[{&quot;displayName&quot;:&quot;Shop&quot;},{&quot;displayName&quot;:&quot;Deli &amp;amp; Prepared Food&quot;},{&quot;displayName&quot;:&quot;Ready Meals &amp;amp; Snacks&quot;},{&quot;displayName&quot;:&quot;Salads&quot;}],&quot;mediumImageUrl&quot;:&quot;https://images.heb.com/is/image/HEBGrocery/prd-medium/h-e-b-select-ingredients-bacon-caesar-salad-kit-nbsp--002504031.jpg&quot;,&quot;defaultSku&quot;:{&quot;unitWeight&quot;:0.845,&quot;priceInfo&quot;:{&quot;salePrice&quot;:{&quot;unit&quot;:&quot;each&quot;,&quot;formatted&quot;:&quot;$3.89&quot;,&quot;listPriceAmountRounded&quot;:3.89},&quot;priceType&quot;:&quot;EACH&quot;,&quot;listPrice&quot;:{&quot;unit&quot;:&quot;each&quot;,&quot;formatted&quot;:&quot;$3.89&quot;,&quot;listPriceAmountRounded&quot;:3.89}},&quot;thumbnailImageUrl&quot;:&quot;https://images.heb.com/is/image/HEBGrocery/prd-thumbnail/h-e-b-select-ingredients-bacon-caesar-salad-kit-nbsp--002504031.jpg&quot;,&quot;couponIds&quot;:[],&quot;availableCouponIds&quot;:[],&quot;unitOfMeasure&quot;:&quot;EACH&quot;,&quot;displayName&quot;:&quot;Select Ingredients Bacon Caesar Salad Kit&amp;amp;nbsp;&quot;,&quot;onSale&quot;:false,&quot;sceneSevenImage&quot;:&quot;002504031&quot;,&quot;weightSelectionIncrements&quot;:[],&quot;customerFriendlySize&quot;:&quot;11.45 oz&quot;,&quot;id&quot;:&quot;4122071873&quot;,&quot;customerPurchaseChoice&quot;:&quot;EACH&quot;},&quot;minimumOrderQuantityProduct&quot;:false,&quot;minimumOrderQuantity&quot;:1,&quot;maximumOrderQuantity&quot;:99,&quot;thumbnailImageUrl&quot;:&quot;https://images.heb.com/is/image/HEBGrocery/prd-thumbnail/h-e-b-select-ingredients-bacon-caesar-salad-kit-nbsp--002504031.jpg&quot;,&quot;pricedByWeight&quot;:false,&quot;formattedSalePrice&quot;:&quot;$3.89 each&quot;,&quot;addToCartAllowed&quot;:true,&quot;randomWeight&quot;:false,&quot;addToCartDisabled&quot;:false,&quot;onSale&quot;:false,&quot;id&quot;:&quot;2504031&quot;,&quot;brand&quot;:&quot;H-E-B&quot;,&quot;ownBrand&quot;:true,&quot;fulfillmentChannel&quot;:5005,&quot;storeAssortment&quot;:{&quot;marketingBugKey&quot;:&quot;&quot;,&quot;marketingBugDescription&quot;:&quot;&quot;,&quot;smallImageMarketingBugUrl&quot;:&quot;&quot;}}" bucket="cart" size="normal" listname="Search Results page" button-type="nonspa"></add-to-bucket>
		</bootstrap>
		<button data-action-requires-cookies="" class="cart-add-list btn btn-list btn-full-width mar-bot-0" title="Add to list" onclick="javascript:displayDropdown(this); return false;">Add to list</button>
							<!-- TODO Get this functionality for the vue version -->
							<div class="atl-container product-record" style="display: none;">
								<div class="atl-container-triangle"></div>
								<ul class="shoppingListSelector">
									<li>
											
											<a onclick="javascript:addToListFromPDP(&#39;2504031&#39;, &#39;4122071873&#39;, &#39;gl9476736530&#39;); return false;" href="file:///C:/Users/Christopher/flask-tutorial/heb_lettuce_search.html#" data-shoppinglistid="gl9476736530">My List</a></li>
									</ul>
							</div>
						</form></div>
	</div>

	<script type="application/ld+json" id="gtm-product-click-2504031">
{	
	"event": "e_productClick",
	"ecommerce": {
		"click": {
			"actionField": { "list": "Search Results page" },
			"products": [{ 
				"name": "H-E-B Select Ingredients Bacon Caesar Salad Kit&nbsp;", 
				"id": "2504031", 
				"category": "Deli & Prepared Food/Ready Meals & Snacks/Salads", 
				"brand": "H-E-B", 
				"variant": "each",
				"price": 3.89,
				"position": 58, 
				"dimension26": "true",
				"dimension40": "default"
			}]
		}
	}
}
</script>

<script type="application/json" id="gtm-add-to-list-product-2504031">
	
	[{
		"event": "e_addToList",
		"ecommerce": {
			"add": {
				"actionField": {"list": "Search Results page"},
				"products": [{	
					"name": "H-E-B Select Ingredients Bacon Caesar Salad Kit&nbsp;", 
					"id": "2504031", 
					"category": "Deli & Prepared Food",
					"brand": "H-E-B", 
					"variant": "each", 
					"price": 3.89,
					"quantity": 1, 
					"dimension26": "true"
				}]
			}
		}
	}
	
	,{
		"event": "e_productClick",
		"ecommerce": {
			"click": {
				"actionField": {"list": "Search Results page"},
				"products": [{ 
					"name": "H-E-B Select Ingredients Bacon Caesar Salad Kit&nbsp;", 
					"id": "2504031", 
					"category": "Deli & Prepared Food",
					"brand": "H-E-B", 
					"variant": "each", 
					"price": 3.89,
					"position": 58,
					"dimension25": "product add to list",
					"dimension26": "true",
					"dimension40": "default"
				}]
			}
		}
	}
	
	]
	</script>

<input type="hidden" class="one-to-one-product" value="false"></li><li class="responsivegriditem product-grid-large-fifth product-grid-small-6" role="group">
		<a id="product-319113" href="file:///C:/product-detail/fresh-collard-greens/319113" aria-label="Fresh Collard Greens,
		Each,
		$0.91 each. Features:  GO LOCAL. Primo Pick." class="responsivegriditem__aria-link-wrap">
		<div class="responsivegriditem-top " onclick="gtm_e_productClick(&#39;gtm-product-click-319113&#39;);">

			<div class="cat-feature clearfix">
				<img data-src="https://images.heb.com/is/image/HEBGrocery/mkt-small/marketingbug-primopck.jpg" alt="Primo Pick" class="lazyload product-card__flag product-card__flag--product-card__flag--marketing-bug">
					<div class="cat-feature-list clearfix">
   		<img src="./heb_lettuce_search_files/snipe-sgolocal.jpg" title="GO LOCAL">
	    		</div></div>
			<div class="cat-list-img gtm-product ">

				<img data-src="https://images.heb.com/is/image/HEBGrocery/prd-small/fresh-collard-greens-000319113.jpg" alt="" class="lazyload"><script type="application/ld+json">
{	
	"name": "Fresh Collard Greens", 
	"id": "319113", 
	"category": "Fruit & Vegetables/Vegetables/Lettuce & Leafy Greens",
	"brand": "Fresh", 
	"variant": "each", 
	"price": 0.91,
	"list": "Search Results page",
	"position": "59",
	"dimension26": "false",
	"dimension40": "default"
}
</script>

</div>
			</div>
	
		<div class="responsivegriditem-middle ">
			<div class="responsivegriditem__title" onclick="gtm_e_productClick(&#39;gtm-product-click-319113&#39;);">
					<span class="responsivegriditem__title">
					Fresh Collard Greens, <span class="item-size">Each</span></span></div>
			<div class="responsivegriditem__rating-container">
				<div class="cat-star clearfix">
    <div class=""><img src="file:///C:/img/stars/smallstaroff.png" alt=""></div>
			<div class=""><img src="file:///C:/img/stars/smallstaroff.png" alt=""></div>
			<div class=""><img src="file:///C:/img/stars/smallstaroff.png" alt=""></div>
			<div class=""><img src="file:///C:/img/stars/smallstaroff.png" alt=""></div>
			<div class="last-star"><img src="file:///C:/img/stars/smallstaroff.png" alt=""></div>
			</div></div>

			<div class="cat-price">
            <div class="responsivegriditem__price-label"></div>
                    <span class="cat-price-number">
                        $0.91 each</span>
                <span class="cat-sale-price-container">
                </span>
        </div><div class="cdp-moq">
				</div>
		</div>
	</a>
	<div class="responsivegriditem-bottom">
		<div class="cart-actions clearfix">
			<form id="form-319113" data-product-id="319113" data-is-hidden="false" data-is-disabled="false" data-is-ship-to-home="false" data-max-qty="99" data-remaining-stock="99" data-is-wine-moq-product="false" data-moq-val="1"><div class="quantity-picker">
			<input type="hidden" value="secondchoice">
					<input type="hidden" value="1" id="4614_319113_quantity" data-minstock="1">
				</div>
	<input type="hidden" id="4614_maxQty" value="99">
		<input type="hidden" id="4614_remainingStock" value="99">
		<input type="hidden" id="4614_productId" value="319113">
		<input type="hidden" name="isWineMOQProduct" value="false">
		<input type="hidden" id="4614_moqval" value="1">
			<bootstrap class="vue-instance-init">
			<add-to-bucket :product="{&quot;productAvailableAtContext&quot;:true,&quot;smallImageUrl&quot;:&quot;https://images.heb.com/is/image/HEBGrocery/prd-small/fresh-collard-greens-000319113.jpg&quot;,&quot;isPrimoPick&quot;:true,&quot;isBestAvailable&quot;:false,&quot;isOnAd&quot;:false,&quot;defaultLevelOneCategory&quot;:&quot;{name=Fruit &amp; Vegetables, id=490020}&quot;,&quot;displayName&quot;:&quot;Fresh Collard Greens&quot;,&quot;thumbnailMediumImageUrl&quot;:&quot;https://images.heb.com/is/image/HEBGrocery/prd-thumbnail-medium/fresh-collard-greens-000319113.jpg&quot;,&quot;showOnlineMarketingBug&quot;:true,&quot;pdpUrl&quot;:&quot;/product-detail/fresh-collard-greens/319113&quot;,&quot;snipes&quot;:[{&quot;largeImageUrl&quot;:&quot;https://images.heb.com/is/image/HEBGrocery/snp-large/snipe-sgolocal.jpg&quot;,&quot;name&quot;:&quot;GO LOCAL&quot;,&quot;description&quot;:&quot;H-E-B partners with local growers and manufacturers to bring you the freshest products from right here in Texas, from domestic and imported ingredients.&quot;,&quot;position&quot;:1,&quot;mediumImageUrl&quot;:&quot;https://images.heb.com/is/image/HEBGrocery/snp-medium/snipe-sgolocal.jpg&quot;}],&quot;defaultBreadCrumb&quot;:[{&quot;displayName&quot;:&quot;Shop&quot;},{&quot;displayName&quot;:&quot;Fruit &amp;amp; Vegetables&quot;},{&quot;displayName&quot;:&quot;Vegetables&quot;},{&quot;displayName&quot;:&quot;Lettuce &amp;amp; Leafy Greens&quot;}],&quot;mediumImageUrl&quot;:&quot;https://images.heb.com/is/image/HEBGrocery/prd-medium/fresh-collard-greens-000319113.jpg&quot;,&quot;defaultSku&quot;:{&quot;unitWeight&quot;:0.74,&quot;priceInfo&quot;:{&quot;salePrice&quot;:{&quot;unit&quot;:&quot;each&quot;,&quot;formatted&quot;:&quot;$0.91&quot;,&quot;listPriceAmountRounded&quot;:0.91},&quot;priceType&quot;:&quot;EACH&quot;,&quot;listPrice&quot;:{&quot;unit&quot;:&quot;each&quot;,&quot;formatted&quot;:&quot;$0.91&quot;,&quot;listPriceAmountRounded&quot;:0.91}},&quot;thumbnailImageUrl&quot;:&quot;https://images.heb.com/is/image/HEBGrocery/prd-thumbnail/fresh-collard-greens-000319113.jpg&quot;,&quot;couponIds&quot;:[],&quot;availableCouponIds&quot;:[],&quot;unitOfMeasure&quot;:&quot;EACH&quot;,&quot;displayName&quot;:&quot;Collard Greens&quot;,&quot;onSale&quot;:false,&quot;sceneSevenImage&quot;:&quot;000319113&quot;,&quot;weightSelectionIncrements&quot;:[],&quot;customerFriendlySize&quot;:&quot;Each&quot;,&quot;id&quot;:&quot;4614&quot;,&quot;customerPurchaseChoice&quot;:&quot;EACH&quot;},&quot;minimumOrderQuantityProduct&quot;:false,&quot;minimumOrderQuantity&quot;:1,&quot;maximumOrderQuantity&quot;:99,&quot;thumbnailImageUrl&quot;:&quot;https://images.heb.com/is/image/HEBGrocery/prd-thumbnail/fresh-collard-greens-000319113.jpg&quot;,&quot;pricedByWeight&quot;:false,&quot;formattedSalePrice&quot;:&quot;$0.91 each&quot;,&quot;addToCartAllowed&quot;:true,&quot;randomWeight&quot;:false,&quot;addToCartDisabled&quot;:false,&quot;onSale&quot;:false,&quot;id&quot;:&quot;319113&quot;,&quot;brand&quot;:&quot;Fresh&quot;,&quot;ownBrand&quot;:false,&quot;fulfillmentChannel&quot;:5005,&quot;storeAssortment&quot;:{&quot;marketingBugKey&quot;:&quot;PRIMOPCK&quot;,&quot;marketingBugDescription&quot;:&quot;Primo Pick&quot;,&quot;smallImageMarketingBugUrl&quot;:&quot;https://images.heb.com/is/image/HEBGrocery/mkt-small/marketingbug-primopck.jpg&quot;}}" bucket="cart" size="normal" listname="Search Results page" button-type="nonspa"></add-to-bucket>
		</bootstrap>
		<button data-action-requires-cookies="" class="cart-add-list btn btn-list btn-full-width mar-bot-0" title="Add to list" onclick="javascript:displayDropdown(this); return false;">Add to list</button>
							<!-- TODO Get this functionality for the vue version -->
							<div class="atl-container product-record" style="display: none;">
								<div class="atl-container-triangle"></div>
								<ul class="shoppingListSelector">
									<li>
											
											<a onclick="javascript:addToListFromPDP(&#39;319113&#39;, &#39;4614&#39;, &#39;gl9476736530&#39;); return false;" href="file:///C:/Users/Christopher/flask-tutorial/heb_lettuce_search.html#" data-shoppinglistid="gl9476736530">My List</a></li>
									</ul>
							</div>
						</form></div>
	</div>

	<script type="application/ld+json" id="gtm-product-click-319113">
{	
	"event": "e_productClick",
	"ecommerce": {
		"click": {
			"actionField": { "list": "Search Results page" },
			"products": [{ 
				"name": "Fresh Collard Greens", 
				"id": "319113", 
				"category": "Fruit & Vegetables/Vegetables/Lettuce & Leafy Greens", 
				"brand": "Fresh", 
				"variant": "each",
				"price": 0.91,
				"position": 59, 
				"dimension26": "false",
				"dimension40": "default"
			}]
		}
	}
}
</script>

<script type="application/json" id="gtm-add-to-list-product-319113">
	
	[{
		"event": "e_addToList",
		"ecommerce": {
			"add": {
				"actionField": {"list": "Search Results page"},
				"products": [{	
					"name": "Fresh Collard Greens", 
					"id": "319113", 
					"category": "Fruit & Vegetables",
					"brand": "Fresh", 
					"variant": "each", 
					"price": 0.91,
					"quantity": 1, 
					"dimension26": "false"
				}]
			}
		}
	}
	
	,{
		"event": "e_productClick",
		"ecommerce": {
			"click": {
				"actionField": {"list": "Search Results page"},
				"products": [{ 
					"name": "Fresh Collard Greens", 
					"id": "319113", 
					"category": "Fruit & Vegetables",
					"brand": "Fresh", 
					"variant": "each", 
					"price": 0.91,
					"position": 59,
					"dimension25": "product add to list",
					"dimension26": "false",
					"dimension40": "default"
				}]
			}
		}
	}
	
	]
	</script>

<input type="hidden" class="one-to-one-product" value="false"></li><li class="responsivegriditem product-grid-large-fifth product-grid-small-6" role="group">
		<a id="product-900953" href="file:///C:/product-detail/central-market-organic-baby-spinach-and-baby-arugula/900953" aria-label="Central Market Organic Baby Spinach and Baby Arugula,
		5 oz,
		$3.56 each. Features:  ORGANIC.  HEART HEALTHY." class="responsivegriditem__aria-link-wrap">
		<div class="responsivegriditem-top " onclick="gtm_e_productClick(&#39;gtm-product-click-900953&#39;);">

			<div class="cat-feature clearfix">
				<div class="cat-feature-list clearfix">
   		<img src="./heb_lettuce_search_files/snipe-so95.jpg" title="ORGANIC">
	    		<img src="./heb_lettuce_search_files/snipe-shh.jpg" title="HEART HEALTHY">
	    		</div></div>
			<div class="cat-list-img gtm-product ">

				<img data-src="https://images.heb.com/is/image/HEBGrocery/prd-small/central-market-organic-baby-spinach-and-baby-arugula-000900953.jpg" alt="" class="lazyload"><script type="application/ld+json">
{	
	"name": "Central Market Organic Baby Spinach and Baby Arugula", 
	"id": "900953", 
	"category": "Fruit & Vegetables/Vegetables/Lettuce & Leafy Greens",
	"brand": "Central Market", 
	"variant": "each", 
	"price": 3.56,
	"list": "Search Results page",
	"position": "60",
	"dimension26": "true",
	"dimension40": "default"
}
</script>

</div>
			</div>
	
		<div class="responsivegriditem-middle ">
			<div class="responsivegriditem__title" onclick="gtm_e_productClick(&#39;gtm-product-click-900953&#39;);">
					<span class="responsivegriditem__title">
					Central Market Organic Baby Spinach and Baby Arugula, <span class="item-size">5 oz</span></span></div>
			<div class="responsivegriditem__rating-container">
				<div class="cat-star clearfix">
    <div class=""><img src="file:///C:/img/stars/smallstaroff.png" alt=""></div>
			<div class=""><img src="file:///C:/img/stars/smallstaroff.png" alt=""></div>
			<div class=""><img src="file:///C:/img/stars/smallstaroff.png" alt=""></div>
			<div class=""><img src="file:///C:/img/stars/smallstaroff.png" alt=""></div>
			<div class="last-star"><img src="file:///C:/img/stars/smallstaroff.png" alt=""></div>
			</div></div>

			<div class="cat-price">
            <div class="responsivegriditem__price-label"></div>
                    <span class="cat-price-number">
                        $3.56 each</span>
                <span class="cat-sale-price-container">
                <span class="uomSalePrice">
                        ($0.72/oz)
                    </span>
                </span>
        </div><div class="cdp-moq">
				</div>
		</div>
	</a>
	<div class="responsivegriditem-bottom">
		<div class="cart-actions clearfix">
			<form id="form-900953" data-product-id="900953" data-is-hidden="false" data-is-disabled="false" data-is-ship-to-home="false" data-max-qty="99" data-remaining-stock="99" data-is-wine-moq-product="false" data-moq-val="1"><div class="quantity-picker">
			<input type="hidden" value="secondchoice">
					<input type="hidden" value="1" id="4122018528_900953_quantity" data-minstock="1">
				</div>
	<input type="hidden" id="4122018528_maxQty" value="99">
		<input type="hidden" id="4122018528_remainingStock" value="99">
		<input type="hidden" id="4122018528_productId" value="900953">
		<input type="hidden" name="isWineMOQProduct" value="false">
		<input type="hidden" id="4122018528_moqval" value="1">
			<bootstrap class="vue-instance-init">
			<add-to-bucket :product="{&quot;productAvailableAtContext&quot;:true,&quot;smallImageUrl&quot;:&quot;https://images.heb.com/is/image/HEBGrocery/prd-small/central-market-organic-baby-spinach-and-baby-arugula-000900953.jpg&quot;,&quot;isPrimoPick&quot;:false,&quot;isBestAvailable&quot;:false,&quot;isOnAd&quot;:false,&quot;defaultLevelOneCategory&quot;:&quot;{name=Fruit &amp; Vegetables, id=490020}&quot;,&quot;displayName&quot;:&quot;Central Market Organic Baby Spinach and Baby Arugula&quot;,&quot;thumbnailMediumImageUrl&quot;:&quot;https://images.heb.com/is/image/HEBGrocery/prd-thumbnail-medium/central-market-organic-baby-spinach-and-baby-arugula-000900953.jpg&quot;,&quot;showOnlineMarketingBug&quot;:false,&quot;pdpUrl&quot;:&quot;/product-detail/central-market-organic-baby-spinach-and-baby-arugula/900953&quot;,&quot;snipes&quot;:[{&quot;largeImageUrl&quot;:&quot;https://images.heb.com/is/image/HEBGrocery/snp-large/snipe-so95.jpg&quot;,&quot;name&quot;:&quot;ORGANIC&quot;,&quot;description&quot;:&quot;At least 95% organic and meets USDA standards which prohibits the use of GMOs.&quot;,&quot;position&quot;:1,&quot;mediumImageUrl&quot;:&quot;https://images.heb.com/is/image/HEBGrocery/snp-medium/snipe-so95.jpg&quot;},{&quot;largeImageUrl&quot;:&quot;https://images.heb.com/is/image/HEBGrocery/snp-large/snipe-shh.jpg&quot;,&quot;name&quot;:&quot;HEART HEALTHY&quot;,&quot;description&quot;:&quot;Low in fat, sat. fat, &amp;amp; cholesterol; =600 mg sodium; 10% DV of at least 1: Vit. A, C, Calcium, Iron, Fiber or Protein per serving. While many factors affect heart disease, diets low in saturated fat and cholesterol may reduce the risk of this disease.&quot;,&quot;position&quot;:1,&quot;mediumImageUrl&quot;:&quot;https://images.heb.com/is/image/HEBGrocery/snp-medium/snipe-shh.jpg&quot;}],&quot;defaultBreadCrumb&quot;:[{&quot;displayName&quot;:&quot;Shop&quot;},{&quot;displayName&quot;:&quot;Fruit &amp;amp; Vegetables&quot;},{&quot;displayName&quot;:&quot;Vegetables&quot;},{&quot;displayName&quot;:&quot;Lettuce &amp;amp; Leafy Greens&quot;}],&quot;mediumImageUrl&quot;:&quot;https://images.heb.com/is/image/HEBGrocery/prd-medium/central-market-organic-baby-spinach-and-baby-arugula-000900953.jpg&quot;,&quot;defaultSku&quot;:{&quot;unitWeight&quot;:0.475,&quot;priceInfo&quot;:{&quot;salePrice&quot;:{&quot;unit&quot;:&quot;each&quot;,&quot;formatted&quot;:&quot;$3.56&quot;,&quot;listPriceAmountRounded&quot;:3.56},&quot;priceType&quot;:&quot;EACH&quot;,&quot;listPrice&quot;:{&quot;unit&quot;:&quot;each&quot;,&quot;formatted&quot;:&quot;$3.56&quot;,&quot;listPriceAmountRounded&quot;:3.56}},&quot;thumbnailImageUrl&quot;:&quot;https://images.heb.com/is/image/HEBGrocery/prd-thumbnail/central-market-organic-baby-spinach-and-baby-arugula-000900953.jpg&quot;,&quot;couponIds&quot;:[],&quot;availableCouponIds&quot;:[],&quot;unitOfMeasure&quot;:&quot;oz&quot;,&quot;displayName&quot;:&quot;Organic Baby Spinach and Baby Arugula&quot;,&quot;onSale&quot;:false,&quot;sceneSevenImage&quot;:&quot;000900953&quot;,&quot;weightSelectionIncrements&quot;:[],&quot;customerFriendlySize&quot;:&quot;5 oz&quot;,&quot;id&quot;:&quot;4122018528&quot;,&quot;customerPurchaseChoice&quot;:&quot;EACH&quot;},&quot;minimumOrderQuantityProduct&quot;:false,&quot;minimumOrderQuantity&quot;:1,&quot;maximumOrderQuantity&quot;:99,&quot;thumbnailImageUrl&quot;:&quot;https://images.heb.com/is/image/HEBGrocery/prd-thumbnail/central-market-organic-baby-spinach-and-baby-arugula-000900953.jpg&quot;,&quot;pricedByWeight&quot;:false,&quot;formattedSalePrice&quot;:&quot;$3.56 each&quot;,&quot;addToCartAllowed&quot;:true,&quot;randomWeight&quot;:false,&quot;addToCartDisabled&quot;:false,&quot;onSale&quot;:false,&quot;id&quot;:&quot;900953&quot;,&quot;brand&quot;:&quot;Central Market&quot;,&quot;ownBrand&quot;:true,&quot;fulfillmentChannel&quot;:5005,&quot;storeAssortment&quot;:{&quot;marketingBugKey&quot;:&quot;&quot;,&quot;marketingBugDescription&quot;:&quot;&quot;,&quot;smallImageMarketingBugUrl&quot;:&quot;&quot;}}" bucket="cart" size="normal" listname="Search Results page" button-type="nonspa"></add-to-bucket>
		</bootstrap>
		<button data-action-requires-cookies="" class="cart-add-list btn btn-list btn-full-width mar-bot-0" title="Add to list" onclick="javascript:displayDropdown(this); return false;">Add to list</button>
							<!-- TODO Get this functionality for the vue version -->
							<div class="atl-container product-record" style="display: none;">
								<div class="atl-container-triangle"></div>
								<ul class="shoppingListSelector">
									<li>
											
											<a onclick="javascript:addToListFromPDP(&#39;900953&#39;, &#39;4122018528&#39;, &#39;gl9476736530&#39;); return false;" href="file:///C:/Users/Christopher/flask-tutorial/heb_lettuce_search.html#" data-shoppinglistid="gl9476736530">My List</a></li>
									</ul>
							</div>
						</form></div>
	</div>

	<script type="application/ld+json" id="gtm-product-click-900953">
{	
	"event": "e_productClick",
	"ecommerce": {
		"click": {
			"actionField": { "list": "Search Results page" },
			"products": [{ 
				"name": "Central Market Organic Baby Spinach and Baby Arugula", 
				"id": "900953", 
				"category": "Fruit & Vegetables/Vegetables/Lettuce & Leafy Greens", 
				"brand": "Central Market", 
				"variant": "each",
				"price": 3.56,
				"position": 60, 
				"dimension26": "true",
				"dimension40": "default"
			}]
		}
	}
}
</script>

<script type="application/json" id="gtm-add-to-list-product-900953">
	
	[{
		"event": "e_addToList",
		"ecommerce": {
			"add": {
				"actionField": {"list": "Search Results page"},
				"products": [{	
					"name": "Central Market Organic Baby Spinach and Baby Arugula", 
					"id": "900953", 
					"category": "Fruit & Vegetables",
					"brand": "Central Market", 
					"variant": "each", 
					"price": 3.56,
					"quantity": 1, 
					"dimension26": "true"
				}]
			}
		}
	}
	
	,{
		"event": "e_productClick",
		"ecommerce": {
			"click": {
				"actionField": {"list": "Search Results page"},
				"products": [{ 
					"name": "Central Market Organic Baby Spinach and Baby Arugula", 
					"id": "900953", 
					"category": "Fruit & Vegetables",
					"brand": "Central Market", 
					"variant": "each", 
					"price": 3.56,
					"position": 60,
					"dimension25": "product add to list",
					"dimension26": "true",
					"dimension40": "default"
				}]
			}
		}
	}
	
	]
	</script>

<input type="hidden" class="one-to-one-product" value="false"></li></ul>

						<!-- Start: Paging Container -->
	<nav class="paging-container" id="paging" role="navigation" aria-label="Pagination Navigation">
			<div>
				</div>

			<ul class="paging-container__page-numbers">
				<li class="pagination--active">
							<a href="file:///C:/search/results?N=3139289889&amp;No=0&amp;Nrpp=60&amp;Ntt=Lettuce&amp;q=Lettuce&amp;prodFilter=none" aria-label="go to page 1">1</a>
						</li>
					<li class="">
							<a href="file:///C:/search/results?N=3139289889&amp;No=60&amp;Nrpp=60&amp;Ntt=Lettuce&amp;q=Lettuce&amp;prodFilter=none" aria-label="go to page 2">
								2</a>
						</li>
					</ul>

			<div>
				<a href="file:///C:/search/results?N=3139289889&amp;No=60&amp;Nrpp=60&amp;Ntt=Lettuce&amp;q=Lettuce&amp;prodFilter=none" aria-label="go to next page"><span class="show-for-medium-up">Next</span><span class="fa fa-angle-right mar-left-10"></span></a>
				</div>
		</nav>
	</div>
				<!-- END: List of Products -->
			<div id="catStoreOverlay"></div>
			</div>
	<div id="recipes-result" class="mar-bot-md recipes-result-container">
		<div class="search-result-of-type">
				<h5 class="search-result-type-title">
					Recipes
				</h5>
				</div>

			<ul id="js-searchResultLoadMoreContainer" class="recipe-card-list">
					<li class="gridrecipesview recipe-card resultlistitem">
			<div class="recipe-card__meta">
				<a href="file:///C:/recipe/recipe-item/heirloom-butter-lettuce-apple-and-cheddar-salad/1399009441867" class="recipe-card__thumbnail-link">
					<picture>
						<source srcset="https://images.heb.com/is/image/HEBGrocery/rcp-medium/heirloom-butter-lettuce-apple-and-cheddar-salad-recipe.jpg, https://images.heb.com/is/image/HEBGrocery/360x360/heirloom-butter-lettuce-apple-and-cheddar-salad-recipe.jpg 2x" media="(max-width: 400px)">
						<source srcset="https://images.heb.com/is/image/HEBGrocery/360x360/heirloom-butter-lettuce-apple-and-cheddar-salad-recipe.jpg, https://images.heb.com/is/image/HEBGrocery/square-735/heirloom-butter-lettuce-apple-and-cheddar-salad-recipe.jpg 2x">
						<!-- IE11 Fallback -->
						<img src="./heb_lettuce_search_files/heirloom-butter-lettuce-apple-and-cheddar-salad-recipe.jpg" alt="Heirloom Butter Lettuce, Apple and Cheddar Salad" class="recipe-card-thumbnail">
					</picture>
				</a>

				<a href="file:///C:/recipe/recipe-item/heirloom-butter-lettuce-apple-and-cheddar-salad/1399009441867" class="recipe-card__display-name">
					Heirloom Butter Lettuce, Apple and Cheddar Salad</a>
			</div>
			<div>
            </div>
        <div>
            <a data-action-requires-cookies="" class="btn-add-to-recipe-box" href="file:///C:/my-account/login-to-add-recipe/1399009441867">Save recipe</a>
                    </div>
        </li>
	<li class="gridrecipesview recipe-card resultlistitem">
			<div class="recipe-card__meta">
				<a href="file:///C:/recipe/recipe-item/turkey-pineapple-lettuce-wraps/1392677295323" class="recipe-card__thumbnail-link">
					<picture>
						<source srcset="https://images.heb.com/is/image/HEBGrocery/rcp-medium/turkey-pineapple-lettuce-wraps-recipe.jpg, https://images.heb.com/is/image/HEBGrocery/360x360/turkey-pineapple-lettuce-wraps-recipe.jpg 2x" media="(max-width: 400px)">
						<source srcset="https://images.heb.com/is/image/HEBGrocery/360x360/turkey-pineapple-lettuce-wraps-recipe.jpg, https://images.heb.com/is/image/HEBGrocery/square-735/turkey-pineapple-lettuce-wraps-recipe.jpg 2x">
						<!-- IE11 Fallback -->
						<img src="./heb_lettuce_search_files/turkey-pineapple-lettuce-wraps-recipe.jpg" alt="Turkey Pineapple Lettuce Wraps" class="recipe-card-thumbnail">
					</picture>
				</a>

				<a href="file:///C:/recipe/recipe-item/turkey-pineapple-lettuce-wraps/1392677295323" class="recipe-card__display-name">
					Turkey Pineapple Lettuce Wraps</a>
			</div>
			<div>
            </div>
        <div>
            <a data-action-requires-cookies="" class="btn-add-to-recipe-box" href="file:///C:/my-account/login-to-add-recipe/1392677295323">Save recipe</a>
                    </div>
        </li>
	<li class="gridrecipesview recipe-card resultlistitem">
			<div class="recipe-card__meta">
				<a href="file:///C:/recipe/recipe-item/sesame-sriracha-lettuce-wraps/1401240237208" class="recipe-card__thumbnail-link">
					<picture>
						<source srcset="https://images.heb.com/is/image/HEBGrocery/rcp-medium/sesame-sriracha-lettuce-wraps-recipe.jpg, https://images.heb.com/is/image/HEBGrocery/360x360/sesame-sriracha-lettuce-wraps-recipe.jpg 2x" media="(max-width: 400px)">
						<source srcset="https://images.heb.com/is/image/HEBGrocery/360x360/sesame-sriracha-lettuce-wraps-recipe.jpg, https://images.heb.com/is/image/HEBGrocery/square-735/sesame-sriracha-lettuce-wraps-recipe.jpg 2x">
						<!-- IE11 Fallback -->
						<img src="./heb_lettuce_search_files/sesame-sriracha-lettuce-wraps-recipe.jpg" alt="Sesame Sriracha Lettuce Wraps" class="recipe-card-thumbnail">
					</picture>
				</a>

				<a href="file:///C:/recipe/recipe-item/sesame-sriracha-lettuce-wraps/1401240237208" class="recipe-card__display-name">
					Sesame Sriracha Lettuce Wraps</a>
			</div>
			<div>
            </div>
        <div>
            <a data-action-requires-cookies="" class="btn-add-to-recipe-box" href="file:///C:/my-account/login-to-add-recipe/1401240237208">Save recipe</a>
                    </div>
        </li>
	<li class="gridrecipesview recipe-card resultlistitem">
			<div class="recipe-card__meta">
				<a href="file:///C:/recipe/recipe-item/sesame-salmon-lettuce-wraps/1392677260160" class="recipe-card__thumbnail-link">
					<picture>
						<source srcset="https://images.heb.com/is/image/HEBGrocery/rcp-medium/sesame-salmon-lettuce-wraps-recipe.jpg, https://images.heb.com/is/image/HEBGrocery/360x360/sesame-salmon-lettuce-wraps-recipe.jpg 2x" media="(max-width: 400px)">
						<source srcset="https://images.heb.com/is/image/HEBGrocery/360x360/sesame-salmon-lettuce-wraps-recipe.jpg, https://images.heb.com/is/image/HEBGrocery/square-735/sesame-salmon-lettuce-wraps-recipe.jpg 2x">
						<!-- IE11 Fallback -->
						<img src="./heb_lettuce_search_files/sesame-salmon-lettuce-wraps-recipe.jpg" alt="Sesame Salmon Lettuce Wraps" class="recipe-card-thumbnail">
					</picture>
				</a>

				<a href="file:///C:/recipe/recipe-item/sesame-salmon-lettuce-wraps/1392677260160" class="recipe-card__display-name">
					Sesame Salmon Lettuce Wraps</a>
			</div>
			<div>
            </div>
        <div>
            <a data-action-requires-cookies="" class="btn-add-to-recipe-box" href="file:///C:/my-account/login-to-add-recipe/1392677260160">Save recipe</a>
                    </div>
        </li>
	<li class="gridrecipesview recipe-card resultlistitem">
			<div class="recipe-card__meta">
				<a href="file:///C:/recipe/recipe-item/thai-peanut-lettuce-wrap/1401500560863" class="recipe-card__thumbnail-link">
					<picture>
						<source srcset="https://images.heb.com/is/image/HEBGrocery/rcp-medium/thai-peanut-lettuce-wrap-recipe.jpg, https://images.heb.com/is/image/HEBGrocery/360x360/thai-peanut-lettuce-wrap-recipe.jpg 2x" media="(max-width: 400px)">
						<source srcset="https://images.heb.com/is/image/HEBGrocery/360x360/thai-peanut-lettuce-wrap-recipe.jpg, https://images.heb.com/is/image/HEBGrocery/square-735/thai-peanut-lettuce-wrap-recipe.jpg 2x">
						<!-- IE11 Fallback -->
						<img src="./heb_lettuce_search_files/thai-peanut-lettuce-wrap-recipe.jpg" alt="Thai Peanut Lettuce Wrap" class="recipe-card-thumbnail">
					</picture>
				</a>

				<a href="file:///C:/recipe/recipe-item/thai-peanut-lettuce-wrap/1401500560863" class="recipe-card__display-name">
					Thai Peanut Lettuce Wrap</a>
			</div>
			<div>
            </div>
        <div>
            <a data-action-requires-cookies="" class="btn-add-to-recipe-box" href="file:///C:/my-account/login-to-add-recipe/1401500560863">Save recipe</a>
                    </div>
        </li>
	<li class="gridrecipesview recipe-card resultlistitem">
			<div class="recipe-card__meta">
				<a href="file:///C:/recipe/recipe-item/spicy-fish-taco-lettuce-wraps/1399006283445" class="recipe-card__thumbnail-link">
					<picture>
						<source srcset="https://images.heb.com/is/image/HEBGrocery/rcp-medium/spicy-fish-taco-lettuce-wraps-recipe.jpg, https://images.heb.com/is/image/HEBGrocery/360x360/spicy-fish-taco-lettuce-wraps-recipe.jpg 2x" media="(max-width: 400px)">
						<source srcset="https://images.heb.com/is/image/HEBGrocery/360x360/spicy-fish-taco-lettuce-wraps-recipe.jpg, https://images.heb.com/is/image/HEBGrocery/square-735/spicy-fish-taco-lettuce-wraps-recipe.jpg 2x">
						<!-- IE11 Fallback -->
						<img src="./heb_lettuce_search_files/spicy-fish-taco-lettuce-wraps-recipe.jpg" alt="Spicy Fish Taco Lettuce Wraps" class="recipe-card-thumbnail">
					</picture>
				</a>

				<a href="file:///C:/recipe/recipe-item/spicy-fish-taco-lettuce-wraps/1399006283445" class="recipe-card__display-name">
					Spicy Fish Taco Lettuce Wraps</a>
			</div>
			<div>
            </div>
        <div>
            <a data-action-requires-cookies="" class="btn-add-to-recipe-box" href="file:///C:/my-account/login-to-add-recipe/1399006283445">Save recipe</a>
                    </div>
        </li>
	<li class="gridrecipesview recipe-card resultlistitem">
			<div class="recipe-card__meta">
				<a href="file:///C:/recipe/recipe-item/citrus-and-fennel-brined-pork-lettuce-wraps/1399011814497" class="recipe-card__thumbnail-link">
					<picture>
						<source srcset="https://images.heb.com/is/image/HEBGrocery/rcp-medium/citrus-and-fennel-brined-pork-lettuce-wraps-recipe.jpg, https://images.heb.com/is/image/HEBGrocery/360x360/citrus-and-fennel-brined-pork-lettuce-wraps-recipe.jpg 2x" media="(max-width: 400px)">
						<source srcset="https://images.heb.com/is/image/HEBGrocery/360x360/citrus-and-fennel-brined-pork-lettuce-wraps-recipe.jpg, https://images.heb.com/is/image/HEBGrocery/square-735/citrus-and-fennel-brined-pork-lettuce-wraps-recipe.jpg 2x">
						<!-- IE11 Fallback -->
						<img src="./heb_lettuce_search_files/citrus-and-fennel-brined-pork-lettuce-wraps-recipe.jpg" alt="Citrus and Fennel Brined Pork Lettuce Wraps" class="recipe-card-thumbnail">
					</picture>
				</a>

				<a href="file:///C:/recipe/recipe-item/citrus-and-fennel-brined-pork-lettuce-wraps/1399011814497" class="recipe-card__display-name">
					Citrus and Fennel Brined Pork Lettuce Wraps</a>
			</div>
			<div>
            </div>
        <div>
            <a data-action-requires-cookies="" class="btn-add-to-recipe-box" href="file:///C:/my-account/login-to-add-recipe/1399011814497">Save recipe</a>
                    </div>
        </li>
	<li class="gridrecipesview recipe-card resultlistitem">
			<div class="recipe-card__meta">
				<a href="file:///C:/recipe/recipe-item/asian-lettuce-wraps/1398819485362" class="recipe-card__thumbnail-link">
					<picture>
						<source srcset="https://images.heb.com/is/image/HEBGrocery/rcp-medium/asian-lettuce-wraps-recipe.jpg, https://images.heb.com/is/image/HEBGrocery/360x360/asian-lettuce-wraps-recipe.jpg 2x" media="(max-width: 400px)">
						<source srcset="https://images.heb.com/is/image/HEBGrocery/360x360/asian-lettuce-wraps-recipe.jpg, https://images.heb.com/is/image/HEBGrocery/square-735/asian-lettuce-wraps-recipe.jpg 2x">
						<!-- IE11 Fallback -->
						<img src="./heb_lettuce_search_files/asian-lettuce-wraps-recipe.jpg" alt="Asian Lettuce Wraps" class="recipe-card-thumbnail">
					</picture>
				</a>

				<a href="file:///C:/recipe/recipe-item/asian-lettuce-wraps/1398819485362" class="recipe-card__display-name">
					Asian Lettuce Wraps</a>
			</div>
			<div>
            </div>
        <div>
            <a data-action-requires-cookies="" class="btn-add-to-recipe-box" href="file:///C:/my-account/login-to-add-recipe/1398819485362">Save recipe</a>
                    </div>
        </li>
	<li class="gridrecipesview recipe-card resultlistitem">
			<div class="recipe-card__meta">
				<a href="file:///C:/recipe/recipe-item/sesame-pork-lettuce-cups/1398895521390" class="recipe-card__thumbnail-link">
					<picture>
						<source srcset="https://images.heb.com/is/image/HEBGrocery/rcp-medium/sesame-pork-lettuce-cups-recipe.jpg, https://images.heb.com/is/image/HEBGrocery/360x360/sesame-pork-lettuce-cups-recipe.jpg 2x" media="(max-width: 400px)">
						<source srcset="https://images.heb.com/is/image/HEBGrocery/360x360/sesame-pork-lettuce-cups-recipe.jpg, https://images.heb.com/is/image/HEBGrocery/square-735/sesame-pork-lettuce-cups-recipe.jpg 2x">
						<!-- IE11 Fallback -->
						<img src="./heb_lettuce_search_files/sesame-pork-lettuce-cups-recipe.jpg" alt="Sesame Pork Lettuce Cups" class="recipe-card-thumbnail">
					</picture>
				</a>

				<a href="file:///C:/recipe/recipe-item/sesame-pork-lettuce-cups/1398895521390" class="recipe-card__display-name">
					Sesame Pork Lettuce Cups</a>
			</div>
			<div>
            </div>
        <div>
            <a data-action-requires-cookies="" class="btn-add-to-recipe-box" href="file:///C:/my-account/login-to-add-recipe/1398895521390">Save recipe</a>
                    </div>
        </li>
	<li class="gridrecipesview recipe-card resultlistitem">
			<div class="recipe-card__meta">
				<a href="file:///C:/recipe/recipe-item/thai-pork-lettuce-wraps/1399007436387" class="recipe-card__thumbnail-link">
					<picture>
						<source srcset="https://images.heb.com/is/image/HEBGrocery/rcp-medium/thai-pork-lettuce-wraps-recipe.jpg, https://images.heb.com/is/image/HEBGrocery/360x360/thai-pork-lettuce-wraps-recipe.jpg 2x" media="(max-width: 400px)">
						<source srcset="https://images.heb.com/is/image/HEBGrocery/360x360/thai-pork-lettuce-wraps-recipe.jpg, https://images.heb.com/is/image/HEBGrocery/square-735/thai-pork-lettuce-wraps-recipe.jpg 2x">
						<!-- IE11 Fallback -->
						<img src="./heb_lettuce_search_files/thai-pork-lettuce-wraps-recipe.jpg" alt="Thai Pork Lettuce Wraps" class="recipe-card-thumbnail">
					</picture>
				</a>

				<a href="file:///C:/recipe/recipe-item/thai-pork-lettuce-wraps/1399007436387" class="recipe-card__display-name">
					Thai Pork Lettuce Wraps</a>
			</div>
			<div>
            </div>
        <div>
            <a data-action-requires-cookies="" class="btn-add-to-recipe-box" href="file:///C:/my-account/login-to-add-recipe/1399007436387">Save recipe</a>
                    </div>
        </li>
	<li class="gridrecipesview recipe-card resultlistitem">
			<div class="recipe-card__meta">
				<a href="file:///C:/recipe/recipe-item/short-rib-lettuce-wraps-with-pickled-green-beans/1398825855034" class="recipe-card__thumbnail-link">
					<picture>
						<source srcset="https://images.heb.com/is/image/HEBGrocery/rcp-medium/short-rib-lettuce-wraps-with-pickled-green-beans-recipe.jpg, https://images.heb.com/is/image/HEBGrocery/360x360/short-rib-lettuce-wraps-with-pickled-green-beans-recipe.jpg 2x" media="(max-width: 400px)">
						<source srcset="https://images.heb.com/is/image/HEBGrocery/360x360/short-rib-lettuce-wraps-with-pickled-green-beans-recipe.jpg, https://images.heb.com/is/image/HEBGrocery/square-735/short-rib-lettuce-wraps-with-pickled-green-beans-recipe.jpg 2x">
						<!-- IE11 Fallback -->
						<img src="./heb_lettuce_search_files/short-rib-lettuce-wraps-with-pickled-green-beans-recipe.jpg" alt="Short Rib Lettuce Wraps with Pickled Green Beans" class="recipe-card-thumbnail">
					</picture>
				</a>

				<a href="file:///C:/recipe/recipe-item/short-rib-lettuce-wraps-with-pickled-green-beans/1398825855034" class="recipe-card__display-name">
					Short Rib Lettuce Wraps with Pickled Green Beans</a>
			</div>
			<div>
            </div>
        <div>
            <a data-action-requires-cookies="" class="btn-add-to-recipe-box" href="file:///C:/my-account/login-to-add-recipe/1398825855034">Save recipe</a>
                    </div>
        </li>
	<li class="gridrecipesview recipe-card resultlistitem">
			<div class="recipe-card__meta">
				<a href="file:///C:/recipe/recipe-item/egg-salad-lettuce-wraps/1392679758860" class="recipe-card__thumbnail-link">
					<picture>
						<source srcset="https://images.heb.com/is/image/HEBGrocery/rcp-medium/egg-salad-lettuce-wraps-recipe.jpg, https://images.heb.com/is/image/HEBGrocery/360x360/egg-salad-lettuce-wraps-recipe.jpg 2x" media="(max-width: 400px)">
						<source srcset="https://images.heb.com/is/image/HEBGrocery/360x360/egg-salad-lettuce-wraps-recipe.jpg, https://images.heb.com/is/image/HEBGrocery/square-735/egg-salad-lettuce-wraps-recipe.jpg 2x">
						<!-- IE11 Fallback -->
						<img src="./heb_lettuce_search_files/egg-salad-lettuce-wraps-recipe.jpg" alt="Egg Salad Lettuce Wraps" class="recipe-card-thumbnail">
					</picture>
				</a>

				<a href="file:///C:/recipe/recipe-item/egg-salad-lettuce-wraps/1392679758860" class="recipe-card__display-name">
					Egg Salad Lettuce Wraps</a>
			</div>
			<div>
            </div>
        <div>
            <a data-action-requires-cookies="" class="btn-add-to-recipe-box" href="file:///C:/my-account/login-to-add-recipe/1392679758860">Save recipe</a>
                    </div>
        </li>
	<li class="gridrecipesview recipe-card resultlistitem">
			<div class="recipe-card__meta">
				<a href="file:///C:/recipe/recipe-item/summer-lettuce-salmon-salad/1392677269081" class="recipe-card__thumbnail-link">
					<picture>
						<source srcset="https://images.heb.com/is/image/HEBGrocery/rcp-medium/summer-lettuce-salmon-salad-recipe.jpg, https://images.heb.com/is/image/HEBGrocery/360x360/summer-lettuce-salmon-salad-recipe.jpg 2x" media="(max-width: 400px)">
						<source srcset="https://images.heb.com/is/image/HEBGrocery/360x360/summer-lettuce-salmon-salad-recipe.jpg, https://images.heb.com/is/image/HEBGrocery/square-735/summer-lettuce-salmon-salad-recipe.jpg 2x">
						<!-- IE11 Fallback -->
						<img src="./heb_lettuce_search_files/summer-lettuce-salmon-salad-recipe.jpg" alt="Summer Lettuce &amp; Salmon Salad" class="recipe-card-thumbnail">
					</picture>
				</a>

				<a href="file:///C:/recipe/recipe-item/summer-lettuce-salmon-salad/1392677269081" class="recipe-card__display-name">
					Summer Lettuce &amp; Salmon Salad</a>
			</div>
			<div>
            </div>
        <div>
            <a data-action-requires-cookies="" class="btn-add-to-recipe-box" href="file:///C:/my-account/login-to-add-recipe/1392677269081">Save recipe</a>
                    </div>
        </li>
	<li class="gridrecipesview recipe-card resultlistitem">
			<div class="recipe-card__meta">
				<a href="file:///C:/recipe/recipe-item/bacon-lettuce-tomato-and-hatch/1398931485516" class="recipe-card__thumbnail-link">
					<picture>
						<source srcset="https://images.heb.com/is/image/HEBGrocery/rcp-medium/bacon-lettuce-tomato-and-hatch-recipe.jpg, https://images.heb.com/is/image/HEBGrocery/360x360/bacon-lettuce-tomato-and-hatch-recipe.jpg 2x" media="(max-width: 400px)">
						<source srcset="https://images.heb.com/is/image/HEBGrocery/360x360/bacon-lettuce-tomato-and-hatch-recipe.jpg, https://images.heb.com/is/image/HEBGrocery/square-735/bacon-lettuce-tomato-and-hatch-recipe.jpg 2x">
						<!-- IE11 Fallback -->
						<img src="./heb_lettuce_search_files/bacon-lettuce-tomato-and-hatch-recipe.jpg" alt="Bacon, Lettuce, Tomato and Hatch" class="recipe-card-thumbnail">
					</picture>
				</a>

				<a href="file:///C:/recipe/recipe-item/bacon-lettuce-tomato-and-hatch/1398931485516" class="recipe-card__display-name">
					Bacon, Lettuce, Tomato and Hatch</a>
			</div>
			<div>
            </div>
        <div>
            <a data-action-requires-cookies="" class="btn-add-to-recipe-box" href="file:///C:/my-account/login-to-add-recipe/1398931485516">Save recipe</a>
                    </div>
        </li>
	<li class="gridrecipesview recipe-card resultlistitem">
			<div class="recipe-card__meta">
				<a href="file:///C:/recipe/recipe-item/turkey-bacon-lettuce-avocado/1398658245529" class="recipe-card__thumbnail-link">
					<picture>
						<source srcset="https://images.heb.com/is/image/HEBGrocery/rcp-medium/turkey-bacon-lettuce-avocado-recipe.jpg, https://images.heb.com/is/image/HEBGrocery/360x360/turkey-bacon-lettuce-avocado-recipe.jpg 2x" media="(max-width: 400px)">
						<source srcset="https://images.heb.com/is/image/HEBGrocery/360x360/turkey-bacon-lettuce-avocado-recipe.jpg, https://images.heb.com/is/image/HEBGrocery/square-735/turkey-bacon-lettuce-avocado-recipe.jpg 2x">
						<!-- IE11 Fallback -->
						<img src="./heb_lettuce_search_files/turkey-bacon-lettuce-avocado-recipe.jpg" alt="Turkey Bacon Lettuce Avocado" class="recipe-card-thumbnail">
					</picture>
				</a>

				<a href="file:///C:/recipe/recipe-item/turkey-bacon-lettuce-avocado/1398658245529" class="recipe-card__display-name">
					Turkey Bacon Lettuce Avocado</a>
			</div>
			<div>
            </div>
        <div>
            <a data-action-requires-cookies="" class="btn-add-to-recipe-box" href="file:///C:/my-account/login-to-add-recipe/1398658245529">Save recipe</a>
                    </div>
        </li>
	<li class="gridrecipesview recipe-card resultlistitem">
			<div class="recipe-card__meta">
				<a href="file:///C:/recipe/recipe-item/portobello-avocado-lettuce-and-tomato-sandwiches/1398735043974" class="recipe-card__thumbnail-link">
					<picture>
						<source srcset="https://images.heb.com/is/image/HEBGrocery/rcp-medium/portobello-avocado-lettuce-and-tomato-sandwiches-recipe.jpg, https://images.heb.com/is/image/HEBGrocery/360x360/portobello-avocado-lettuce-and-tomato-sandwiches-recipe.jpg 2x" media="(max-width: 400px)">
						<source srcset="https://images.heb.com/is/image/HEBGrocery/360x360/portobello-avocado-lettuce-and-tomato-sandwiches-recipe.jpg, https://images.heb.com/is/image/HEBGrocery/square-735/portobello-avocado-lettuce-and-tomato-sandwiches-recipe.jpg 2x">
						<!-- IE11 Fallback -->
						<img src="./heb_lettuce_search_files/portobello-avocado-lettuce-and-tomato-sandwiches-recipe.jpg" alt="Portobello Avocado Lettuce and Tomato Sandwiches" class="recipe-card-thumbnail">
					</picture>
				</a>

				<a href="file:///C:/recipe/recipe-item/portobello-avocado-lettuce-and-tomato-sandwiches/1398735043974" class="recipe-card__display-name">
					Portobello Avocado Lettuce and Tomato Sandwiches</a>
			</div>
			<div>
            </div>
        <div>
            <a data-action-requires-cookies="" class="btn-add-to-recipe-box" href="file:///C:/my-account/login-to-add-recipe/1398735043974">Save recipe</a>
                    </div>
        </li>
	<li class="gridrecipesview recipe-card resultlistitem">
			<div class="recipe-card__meta">
				<a href="file:///C:/recipe/recipe-item/al-pastor-lettuce-wraps/1399014001449" class="recipe-card__thumbnail-link">
					<picture>
						<source srcset="https://images.heb.com/is/image/HEBGrocery/rcp-medium/al-pastor-lettuce-wraps-recipe.jpg, https://images.heb.com/is/image/HEBGrocery/360x360/al-pastor-lettuce-wraps-recipe.jpg 2x" media="(max-width: 400px)">
						<source srcset="https://images.heb.com/is/image/HEBGrocery/360x360/al-pastor-lettuce-wraps-recipe.jpg, https://images.heb.com/is/image/HEBGrocery/square-735/al-pastor-lettuce-wraps-recipe.jpg 2x">
						<!-- IE11 Fallback -->
						<img src="./heb_lettuce_search_files/al-pastor-lettuce-wraps-recipe.jpg" alt="Al Pastor Lettuce Wraps" class="recipe-card-thumbnail">
					</picture>
				</a>

				<a href="file:///C:/recipe/recipe-item/al-pastor-lettuce-wraps/1399014001449" class="recipe-card__display-name">
					Al Pastor Lettuce Wraps</a>
			</div>
			<div>
            </div>
        <div>
            <a data-action-requires-cookies="" class="btn-add-to-recipe-box" href="file:///C:/my-account/login-to-add-recipe/1399014001449">Save recipe</a>
                    </div>
        </li>
	<li class="gridrecipesview recipe-card resultlistitem">
			<div class="recipe-card__meta">
				<a href="file:///C:/recipe/recipe-item/tangy-beef-lettuce-cups-with-charred-leek-yogurt/1399048126578" class="recipe-card__thumbnail-link">
					<picture>
						<source srcset="https://images.heb.com/is/image/HEBGrocery/rcp-medium/tangy-beef-lettuce-cups-with-charred-leek-yogurt-recipe.jpg, https://images.heb.com/is/image/HEBGrocery/360x360/tangy-beef-lettuce-cups-with-charred-leek-yogurt-recipe.jpg 2x" media="(max-width: 400px)">
						<source srcset="https://images.heb.com/is/image/HEBGrocery/360x360/tangy-beef-lettuce-cups-with-charred-leek-yogurt-recipe.jpg, https://images.heb.com/is/image/HEBGrocery/square-735/tangy-beef-lettuce-cups-with-charred-leek-yogurt-recipe.jpg 2x">
						<!-- IE11 Fallback -->
						<img src="./heb_lettuce_search_files/tangy-beef-lettuce-cups-with-charred-leek-yogurt-recipe.jpg" alt="Tangy Beef Lettuce Cups with Charred Leek Yogurt" class="recipe-card-thumbnail">
					</picture>
				</a>

				<a href="file:///C:/recipe/recipe-item/tangy-beef-lettuce-cups-with-charred-leek-yogurt/1399048126578" class="recipe-card__display-name">
					Tangy Beef Lettuce Cups with Charred Leek Yogurt</a>
			</div>
			<div>
            </div>
        <div>
            <a data-action-requires-cookies="" class="btn-add-to-recipe-box" href="file:///C:/my-account/login-to-add-recipe/1399048126578">Save recipe</a>
                    </div>
        </li>
	<li class="gridrecipesview recipe-card resultlistitem">
			<div class="recipe-card__meta">
				<a href="file:///C:/recipe/recipe-item/cashew-chicken-lettuce-wraps/1398786582208" class="recipe-card__thumbnail-link">
					<picture>
						<source srcset="https://images.heb.com/is/image/HEBGrocery/rcp-medium/cashew-chicken-lettuce-wraps-recipe.jpg, https://images.heb.com/is/image/HEBGrocery/360x360/cashew-chicken-lettuce-wraps-recipe.jpg 2x" media="(max-width: 400px)">
						<source srcset="https://images.heb.com/is/image/HEBGrocery/360x360/cashew-chicken-lettuce-wraps-recipe.jpg, https://images.heb.com/is/image/HEBGrocery/square-735/cashew-chicken-lettuce-wraps-recipe.jpg 2x">
						<!-- IE11 Fallback -->
						<img src="./heb_lettuce_search_files/cashew-chicken-lettuce-wraps-recipe.jpg" alt="Cashew Chicken Lettuce Wraps" class="recipe-card-thumbnail">
					</picture>
				</a>

				<a href="file:///C:/recipe/recipe-item/cashew-chicken-lettuce-wraps/1398786582208" class="recipe-card__display-name">
					Cashew Chicken Lettuce Wraps</a>
			</div>
			<div>
            </div>
        <div>
            <a data-action-requires-cookies="" class="btn-add-to-recipe-box" href="file:///C:/my-account/login-to-add-recipe/1398786582208">Save recipe</a>
                    </div>
        </li>
	<li class="gridrecipesview recipe-card resultlistitem">
			<div class="recipe-card__meta">
				<a href="file:///C:/recipe/recipe-item/b-l-t-a-bacon-lettuce-tomato-avocado-sandwich-/1398735314032" class="recipe-card__thumbnail-link">
					<picture>
						<source srcset="https://images.heb.com/is/image/HEBGrocery/rcp-medium/b-l-t-a-bacon-lettuce-tomato-avocado-sandwich--recipe.jpg, https://images.heb.com/is/image/HEBGrocery/360x360/b-l-t-a-bacon-lettuce-tomato-avocado-sandwich--recipe.jpg 2x" media="(max-width: 400px)">
						<source srcset="https://images.heb.com/is/image/HEBGrocery/360x360/b-l-t-a-bacon-lettuce-tomato-avocado-sandwich--recipe.jpg, https://images.heb.com/is/image/HEBGrocery/square-735/b-l-t-a-bacon-lettuce-tomato-avocado-sandwich--recipe.jpg 2x">
						<!-- IE11 Fallback -->
						<img src="./heb_lettuce_search_files/b-l-t-a-bacon-lettuce-tomato-avocado-sandwich--recipe.jpg" alt="B.L.T.A. (Bacon, Lettuce, Tomato, Avocado Sandwich)" class="recipe-card-thumbnail">
					</picture>
				</a>

				<a href="file:///C:/recipe/recipe-item/b-l-t-a-bacon-lettuce-tomato-avocado-sandwich-/1398735314032" class="recipe-card__display-name">
					B.L.T.A. (Bacon, Lettuce, Tomato, Avocado Sandwich)</a>
			</div>
			<div>
            </div>
        <div>
            <a data-action-requires-cookies="" class="btn-add-to-recipe-box" href="file:///C:/my-account/login-to-add-recipe/1398735314032">Save recipe</a>
                    </div>
        </li>
	<li class="gridrecipesview recipe-card resultlistitem">
			<div class="recipe-card__meta">
				<a href="file:///C:/recipe/recipe-item/korean-bbq-chicken-lettuce-wraps/1399047721869" class="recipe-card__thumbnail-link">
					<picture>
						<source srcset="https://images.heb.com/is/image/HEBGrocery/rcp-medium/korean-bbq-chicken-lettuce-wraps-recipe.jpg, https://images.heb.com/is/image/HEBGrocery/360x360/korean-bbq-chicken-lettuce-wraps-recipe.jpg 2x" media="(max-width: 400px)">
						<source srcset="https://images.heb.com/is/image/HEBGrocery/360x360/korean-bbq-chicken-lettuce-wraps-recipe.jpg, https://images.heb.com/is/image/HEBGrocery/square-735/korean-bbq-chicken-lettuce-wraps-recipe.jpg 2x">
						<!-- IE11 Fallback -->
						<img src="./heb_lettuce_search_files/korean-bbq-chicken-lettuce-wraps-recipe.jpg" alt="Korean BBQ Chicken Lettuce Wraps" class="recipe-card-thumbnail">
					</picture>
				</a>

				<a href="file:///C:/recipe/recipe-item/korean-bbq-chicken-lettuce-wraps/1399047721869" class="recipe-card__display-name">
					Korean BBQ Chicken Lettuce Wraps</a>
			</div>
			<div>
            </div>
        <div>
            <a data-action-requires-cookies="" class="btn-add-to-recipe-box" href="file:///C:/my-account/login-to-add-recipe/1399047721869">Save recipe</a>
                    </div>
        </li>
	<li class="gridrecipesview recipe-card resultlistitem">
			<div class="recipe-card__meta">
				<a href="file:///C:/recipe/recipe-item/mahi-mahi-lettuce-wraps/1392679719559" class="recipe-card__thumbnail-link">
					<picture>
						<source srcset="https://images.heb.com/is/image/HEBGrocery/rcp-medium/mahi-mahi-lettuce-wraps-recipe.jpg, https://images.heb.com/is/image/HEBGrocery/360x360/mahi-mahi-lettuce-wraps-recipe.jpg 2x" media="(max-width: 400px)">
						<source srcset="https://images.heb.com/is/image/HEBGrocery/360x360/mahi-mahi-lettuce-wraps-recipe.jpg, https://images.heb.com/is/image/HEBGrocery/square-735/mahi-mahi-lettuce-wraps-recipe.jpg 2x">
						<!-- IE11 Fallback -->
						<img src="./heb_lettuce_search_files/mahi-mahi-lettuce-wraps-recipe.jpg" alt="Mahi Mahi Lettuce Wraps" class="recipe-card-thumbnail">
					</picture>
				</a>

				<a href="file:///C:/recipe/recipe-item/mahi-mahi-lettuce-wraps/1392679719559" class="recipe-card__display-name">
					Mahi Mahi Lettuce Wraps</a>
			</div>
			<div>
            </div>
        <div>
            <a data-action-requires-cookies="" class="btn-add-to-recipe-box" href="file:///C:/my-account/login-to-add-recipe/1392679719559">Save recipe</a>
                    </div>
        </li>
	<li class="gridrecipesview recipe-card resultlistitem">
			<div class="recipe-card__meta">
				<a href="file:///C:/recipe/recipe-item/sesame-pork-lettuce-wraps/1398894327373" class="recipe-card__thumbnail-link">
					<picture>
						<source srcset="https://images.heb.com/is/image/HEBGrocery/rcp-medium/sesame-pork-lettuce-wraps-recipe.jpg, https://images.heb.com/is/image/HEBGrocery/360x360/sesame-pork-lettuce-wraps-recipe.jpg 2x" media="(max-width: 400px)">
						<source srcset="https://images.heb.com/is/image/HEBGrocery/360x360/sesame-pork-lettuce-wraps-recipe.jpg, https://images.heb.com/is/image/HEBGrocery/square-735/sesame-pork-lettuce-wraps-recipe.jpg 2x">
						<!-- IE11 Fallback -->
						<img src="./heb_lettuce_search_files/sesame-pork-lettuce-wraps-recipe.jpg" alt="Sesame Pork Lettuce Wraps" class="recipe-card-thumbnail">
					</picture>
				</a>

				<a href="file:///C:/recipe/recipe-item/sesame-pork-lettuce-wraps/1398894327373" class="recipe-card__display-name">
					Sesame Pork Lettuce Wraps</a>
			</div>
			<div>
            </div>
        <div>
            <a data-action-requires-cookies="" class="btn-add-to-recipe-box" href="file:///C:/my-account/login-to-add-recipe/1398894327373">Save recipe</a>
                    </div>
        </li>
	<li class="gridrecipesview recipe-card resultlistitem">
			<div class="recipe-card__meta">
				<a href="file:///C:/recipe/recipe-item/cornbread-coated-chicken-po-boy/1399019199267" class="recipe-card__thumbnail-link">
					<picture>
						<source srcset="https://images.heb.com/is/image/HEBGrocery/rcp-medium/cornbread-coated-chicken-po-boy-recipe.jpg, https://images.heb.com/is/image/HEBGrocery/360x360/cornbread-coated-chicken-po-boy-recipe.jpg 2x" media="(max-width: 400px)">
						<source srcset="https://images.heb.com/is/image/HEBGrocery/360x360/cornbread-coated-chicken-po-boy-recipe.jpg, https://images.heb.com/is/image/HEBGrocery/square-735/cornbread-coated-chicken-po-boy-recipe.jpg 2x">
						<!-- IE11 Fallback -->
						<img src="./heb_lettuce_search_files/cornbread-coated-chicken-po-boy-recipe.jpg" alt="Cornbread Coated Chicken Po Boy" class="recipe-card-thumbnail">
					</picture>
				</a>

				<a href="file:///C:/recipe/recipe-item/cornbread-coated-chicken-po-boy/1399019199267" class="recipe-card__display-name">
					Cornbread Coated Chicken Po Boy</a>
			</div>
			<div>
            </div>
        <div>
            <a data-action-requires-cookies="" class="btn-add-to-recipe-box" href="file:///C:/my-account/login-to-add-recipe/1399019199267">Save recipe</a>
                    </div>
        </li>
	<li class="gridrecipesview recipe-card resultlistitem">
			<div class="recipe-card__meta">
				<a href="file:///C:/recipe/recipe-item/chicken-cheese-taco-wraps/1392838688173" class="recipe-card__thumbnail-link">
					<picture>
						<source srcset="https://images.heb.com/is/image/HEBGrocery/rcp-medium/chicken-cheese-taco-wraps-recipe.jpg, https://images.heb.com/is/image/HEBGrocery/360x360/chicken-cheese-taco-wraps-recipe.jpg 2x" media="(max-width: 400px)">
						<source srcset="https://images.heb.com/is/image/HEBGrocery/360x360/chicken-cheese-taco-wraps-recipe.jpg, https://images.heb.com/is/image/HEBGrocery/square-735/chicken-cheese-taco-wraps-recipe.jpg 2x">
						<!-- IE11 Fallback -->
						<img src="./heb_lettuce_search_files/chicken-cheese-taco-wraps-recipe.jpg" alt="Chicken Cheese Taco Wraps" class="recipe-card-thumbnail">
					</picture>
				</a>

				<a href="file:///C:/recipe/recipe-item/chicken-cheese-taco-wraps/1392838688173" class="recipe-card__display-name">
					Chicken Cheese Taco Wraps</a>
			</div>
			<div>
            </div>
        <div>
            <a data-action-requires-cookies="" class="btn-add-to-recipe-box" href="file:///C:/my-account/login-to-add-recipe/1392838688173">Save recipe</a>
                    </div>
        </li>
	<li class="gridrecipesview recipe-card resultlistitem">
			<div class="recipe-card__meta">
				<a href="file:///C:/recipe/recipe-item/mango-avocado-salad/1392677308478" class="recipe-card__thumbnail-link">
					<picture>
						<source srcset="https://images.heb.com/is/image/HEBGrocery/rcp-medium/mango-avocado-salad-recipe.jpg, https://images.heb.com/is/image/HEBGrocery/360x360/mango-avocado-salad-recipe.jpg 2x" media="(max-width: 400px)">
						<source srcset="https://images.heb.com/is/image/HEBGrocery/360x360/mango-avocado-salad-recipe.jpg, https://images.heb.com/is/image/HEBGrocery/square-735/mango-avocado-salad-recipe.jpg 2x">
						<!-- IE11 Fallback -->
						<img src="./heb_lettuce_search_files/mango-avocado-salad-recipe.jpg" alt="Mango &amp; Avocado Salad" class="recipe-card-thumbnail">
					</picture>
				</a>

				<a href="file:///C:/recipe/recipe-item/mango-avocado-salad/1392677308478" class="recipe-card__display-name">
					Mango &amp; Avocado Salad</a>
			</div>
			<div>
            </div>
        <div>
            <a data-action-requires-cookies="" class="btn-add-to-recipe-box" href="file:///C:/my-account/login-to-add-recipe/1392677308478">Save recipe</a>
                    </div>
        </li>
	<li class="gridrecipesview recipe-card resultlistitem">
			<div class="recipe-card__meta">
				<a href="file:///C:/recipe/recipe-item/cheeseburger-bake/1399004462404" class="recipe-card__thumbnail-link">
					<picture>
						<source srcset="https://images.heb.com/is/image/HEBGrocery/rcp-medium/cheeseburger-bake-recipe.jpg, https://images.heb.com/is/image/HEBGrocery/360x360/cheeseburger-bake-recipe.jpg 2x" media="(max-width: 400px)">
						<source srcset="https://images.heb.com/is/image/HEBGrocery/360x360/cheeseburger-bake-recipe.jpg, https://images.heb.com/is/image/HEBGrocery/square-735/cheeseburger-bake-recipe.jpg 2x">
						<!-- IE11 Fallback -->
						<img src="./heb_lettuce_search_files/cheeseburger-bake-recipe.jpg" alt="Cheeseburger Bake" class="recipe-card-thumbnail">
					</picture>
				</a>

				<a href="file:///C:/recipe/recipe-item/cheeseburger-bake/1399004462404" class="recipe-card__display-name">
					Cheeseburger Bake</a>
			</div>
			<div>
            </div>
        <div>
            <a data-action-requires-cookies="" class="btn-add-to-recipe-box" href="file:///C:/my-account/login-to-add-recipe/1399004462404">Save recipe</a>
                    </div>
        </li>
	<li class="gridrecipesview recipe-card resultlistitem">
			<div class="recipe-card__meta">
				<a href="file:///C:/recipe/recipe-item/fiesta-tacos/1392679723328" class="recipe-card__thumbnail-link">
					<picture>
						<source srcset="https://images.heb.com/is/image/HEBGrocery/rcp-medium/fiesta-tacos-recipe.jpg, https://images.heb.com/is/image/HEBGrocery/360x360/fiesta-tacos-recipe.jpg 2x" media="(max-width: 400px)">
						<source srcset="https://images.heb.com/is/image/HEBGrocery/360x360/fiesta-tacos-recipe.jpg, https://images.heb.com/is/image/HEBGrocery/square-735/fiesta-tacos-recipe.jpg 2x">
						<!-- IE11 Fallback -->
						<img src="./heb_lettuce_search_files/fiesta-tacos-recipe.jpg" alt="Fiesta Tacos" class="recipe-card-thumbnail">
					</picture>
				</a>

				<a href="file:///C:/recipe/recipe-item/fiesta-tacos/1392679723328" class="recipe-card__display-name">
					Fiesta Tacos</a>
			</div>
			<div>
            </div>
        <div>
            <a data-action-requires-cookies="" class="btn-add-to-recipe-box" href="file:///C:/my-account/login-to-add-recipe/1392679723328">Save recipe</a>
                    </div>
        </li>
	<li class="gridrecipesview recipe-card resultlistitem">
			<div class="recipe-card__meta">
				<a href="file:///C:/recipe/recipe-item/tossed-salad-with-holiday-fruit/1392677269511" class="recipe-card__thumbnail-link">
					<picture>
						<source srcset="https://images.heb.com/is/image/HEBGrocery/rcp-medium/tossed-salad-with-holiday-fruit-recipe.jpg, https://images.heb.com/is/image/HEBGrocery/360x360/tossed-salad-with-holiday-fruit-recipe.jpg 2x" media="(max-width: 400px)">
						<source srcset="https://images.heb.com/is/image/HEBGrocery/360x360/tossed-salad-with-holiday-fruit-recipe.jpg, https://images.heb.com/is/image/HEBGrocery/square-735/tossed-salad-with-holiday-fruit-recipe.jpg 2x">
						<!-- IE11 Fallback -->
						<img src="./heb_lettuce_search_files/tossed-salad-with-holiday-fruit-recipe.jpg" alt="Tossed Salad With Holiday Fruit" class="recipe-card-thumbnail">
					</picture>
				</a>

				<a href="file:///C:/recipe/recipe-item/tossed-salad-with-holiday-fruit/1392677269511" class="recipe-card__display-name">
					Tossed Salad With Holiday Fruit</a>
			</div>
			<div>
            </div>
        <div>
            <a data-action-requires-cookies="" class="btn-add-to-recipe-box" href="file:///C:/my-account/login-to-add-recipe/1392677269511">Save recipe</a>
                    </div>
        </li>
	<li class="gridrecipesview recipe-card resultlistitem">
			<div class="recipe-card__meta">
				<a href="file:///C:/recipe/recipe-item/chili-garlic-fish-sandwich/1392765628477" class="recipe-card__thumbnail-link">
					<picture>
						<source srcset="https://images.heb.com/is/image/HEBGrocery/rcp-medium/chili-garlic-fish-sandwich-recipe.jpg, https://images.heb.com/is/image/HEBGrocery/360x360/chili-garlic-fish-sandwich-recipe.jpg 2x" media="(max-width: 400px)">
						<source srcset="https://images.heb.com/is/image/HEBGrocery/360x360/chili-garlic-fish-sandwich-recipe.jpg, https://images.heb.com/is/image/HEBGrocery/square-735/chili-garlic-fish-sandwich-recipe.jpg 2x">
						<!-- IE11 Fallback -->
						<img src="./heb_lettuce_search_files/chili-garlic-fish-sandwich-recipe.jpg" alt="Chili Garlic Fish Sandwich" class="recipe-card-thumbnail">
					</picture>
				</a>

				<a href="file:///C:/recipe/recipe-item/chili-garlic-fish-sandwich/1392765628477" class="recipe-card__display-name">
					Chili Garlic Fish Sandwich</a>
			</div>
			<div>
            </div>
        <div>
            <a data-action-requires-cookies="" class="btn-add-to-recipe-box" href="file:///C:/my-account/login-to-add-recipe/1392765628477">Save recipe</a>
                    </div>
        </li>
	<li class="gridrecipesview recipe-card resultlistitem">
			<div class="recipe-card__meta">
				<a href="file:///C:/recipe/recipe-item/spicy-blackened-shrimp-tacos/1392765761141" class="recipe-card__thumbnail-link">
					<picture>
						<source srcset="https://images.heb.com/is/image/HEBGrocery/rcp-medium/spicy-blackened-shrimp-tacos-recipe.jpg, https://images.heb.com/is/image/HEBGrocery/360x360/spicy-blackened-shrimp-tacos-recipe.jpg 2x" media="(max-width: 400px)">
						<source srcset="https://images.heb.com/is/image/HEBGrocery/360x360/spicy-blackened-shrimp-tacos-recipe.jpg, https://images.heb.com/is/image/HEBGrocery/square-735/spicy-blackened-shrimp-tacos-recipe.jpg 2x">
						<!-- IE11 Fallback -->
						<img src="./heb_lettuce_search_files/spicy-blackened-shrimp-tacos-recipe.jpg" alt="Spicy Blackened Shrimp Tacos" class="recipe-card-thumbnail">
					</picture>
				</a>

				<a href="file:///C:/recipe/recipe-item/spicy-blackened-shrimp-tacos/1392765761141" class="recipe-card__display-name">
					Spicy Blackened Shrimp Tacos</a>
			</div>
			<div>
            </div>
        <div>
            <a data-action-requires-cookies="" class="btn-add-to-recipe-box" href="file:///C:/my-account/login-to-add-recipe/1392765761141">Save recipe</a>
                    </div>
        </li>
	<li class="gridrecipesview recipe-card resultlistitem">
			<div class="recipe-card__meta">
				<a href="file:///C:/recipe/recipe-item/blt-turkey-burger/1398892716679" class="recipe-card__thumbnail-link">
					<picture>
						<source srcset="https://images.heb.com/is/image/HEBGrocery/rcp-medium/blt-turkey-burger-recipe.jpg, https://images.heb.com/is/image/HEBGrocery/360x360/blt-turkey-burger-recipe.jpg 2x" media="(max-width: 400px)">
						<source srcset="https://images.heb.com/is/image/HEBGrocery/360x360/blt-turkey-burger-recipe.jpg, https://images.heb.com/is/image/HEBGrocery/square-735/blt-turkey-burger-recipe.jpg 2x">
						<!-- IE11 Fallback -->
						<img src="./heb_lettuce_search_files/blt-turkey-burger-recipe.jpg" alt="BLT Turkey Burger" class="recipe-card-thumbnail">
					</picture>
				</a>

				<a href="file:///C:/recipe/recipe-item/blt-turkey-burger/1398892716679" class="recipe-card__display-name">
					BLT Turkey Burger</a>
			</div>
			<div>
            </div>
        <div>
            <a data-action-requires-cookies="" class="btn-add-to-recipe-box" href="file:///C:/my-account/login-to-add-recipe/1398892716679">Save recipe</a>
                    </div>
        </li>
	</ul>
			<div id="moreResultsPlaceHolder"></div>
	<div id="spinner" class="spinner" style="display:none;">
		<img id="img-spinner" src="file:///C:/img/ajax-loader.gif" alt="Loading">
	</div>
	
	<!-- Start: Load More Items -->
	<div class="load-more-container" id="loadMoreItemsWrapper">
		<a href="file:///C:/search/results?N=12339&amp;No=32&amp;Nrpp=32&amp;Ntt=Lettuce&amp;q=Lettuce" class="button unselected strong" data-target-div="js-searchResultLoadMoreContainer" data-url="/search/includes/resultslistajax.jsp?N=12339&amp;No=%7Boffset%7D&amp;Nrpp=32&amp;Ntt=Lettuce&amp;q=Lettuce&amp;contentPath=/content/Shared/Global Search/Global Recipe Search Results/Recipe Search Results&amp;cartridgeType=RecipeResultsList&amp;recipeSeoUrlValue=/search/results" id="loadMoreItems">Load More Items</a>
		<div class="pagenofn">Showing 32 of 228</div> 
			</div>
</div>

	<div id="addToListOverlay"></div>
<!-- Start: Content Section-->
		<div id="content-result" class="mar-bot-lg">
			<div class="search-result-of-type">
				<h5 class="search-result-type-title">
					Articles
				</h5>
			</div>

			<!-- Search in products, recipes and articles (global) or in a specific section -->
			<ul id="js-searchResultLoadMoreContainer" class="search__article-specific-search">
				<li class="search__article">
		<a href="file:///C:/static-page/cafe-at-heb-catering" class="search__article-title">
			Café at H-E-B Catering</a>
		<div class="search__article-description">
			Order Café at H-E-B Catering online before your next party or event. We offer chef-prepared sandwiches and salads to feed any crowd.</div>
		<a class="strong" href="file:///C:/static-page/cafe-at-heb-catering">
			Read More
			<span class="bullet"></span>
		</a>
	</li>
<li class="search__article">
		<a href="file:///C:/static-page/sandwich" class="search__article-title">
			H-E-B Grand Slam Sandwich Event</a>
		<div class="search__article-description">
			Step up to the plate and prepare to enjoy sandwiches that are in a league of their own during the H-E-B Grand Slam Sandwich Event, taking place April 26th through May 9th.</div>
		<a class="strong" href="file:///C:/static-page/sandwich">
			Read More
			<span class="bullet"></span>
		</a>
	</li>
<li class="search__article">
		<a href="file:///C:/static-page/produce" class="search__article-title">
			What's in Season Fruits and Vegetables at HEB</a>
		<div class="search__article-description">
			Shop the H-E-B produce department for fresh fruits and vegetables from Texas and around the world. We offer our 100% Freshness Guarantee on potatoes, sweet potatoes, green beans, brussel sprouts.</div>
		<a class="strong" href="file:///C:/static-page/produce">
			Read More
			<span class="bullet"></span>
		</a>
	</li>
<li class="search__article">
		<a href="file:///C:/static-page/Easy-Gluten-Free-Shopping" class="search__article-title">
			Easy Gluten-Free Shopping - HEB</a>
		<div class="search__article-description">
			H-E-B makes gluten-free shopping easier by providing gluten-free products, H-E-B gluten-free brands, gluten-free labels and tips for living a gluten-free life.</div>
		<a class="strong" href="file:///C:/static-page/Easy-Gluten-Free-Shopping">
			Read More
			<span class="bullet"></span>
		</a>
	</li>
<li class="search__article">
		<a href="file:///C:/static-page/SDSD-2016-challenge-week-4" class="search__article-title">
			Week 4 Recipes &amp; Workouts - Slim Down Showdown</a>
		<div class="search__article-description">
			 Get your weekly recipes, workouts and tips for week three of the H-E-B Slim Down Showdown Challenge. </div>
		<a class="strong" href="file:///C:/static-page/SDSD-2016-challenge-week-4">
			Read More
			<span class="bullet"></span>
		</a>
	</li>
<li class="search__article">
		<a href="file:///C:/static-page/healthy-vegetarian-meal-plan" class="search__article-title">
			Healthy Vegetarian Meal Plan - One Week of Meals | H-E-B</a>
		<div class="search__article-description">
			5 full days of healthy vegetarian meals you can mix and match. </div>
		<a class="strong" href="file:///C:/static-page/healthy-vegetarian-meal-plan">
			Read More
			<span class="bullet"></span>
		</a>
	</li>
<li class="search__article">
		<a href="file:///C:/static-page/meet-our-produce-growers" class="search__article-title">
			Meet Our Produce Growers</a>
		<div class="search__article-description">
			At H-E-B, our local farmers are family, so we're turning the spotlight on all the hard work that they do to bring fresh produce from their fields to your table.</div>
		<a class="strong" href="file:///C:/static-page/meet-our-produce-growers">
			Read More
			<span class="bullet"></span>
		</a>
	</li>
<li class="search__article">
		<a href="file:///C:/static-page/H-E-B-Health-and-Wellness" class="search__article-title">
			Health and Wellness with H-E-B</a>
		<div class="search__article-description">
			Deals on products to make a healthier you in 2019. See discounts on vitamins, protein powders, healthy living products and more.</div>
		<a class="strong" href="file:///C:/static-page/H-E-B-Health-and-Wellness">
			Read More
			<span class="bullet"></span>
		</a>
	</li>
<li class="search__article">
		<a href="file:///C:/static-page/Broccoli-Greens-Guide" class="search__article-title">
			Broccoli Greens Guide - HEB</a>
		<div class="search__article-description">
			Broccoli packs a whopping source of nutrition in return for its calories. It contains 280% of our daily needs for vitamin K and 170% for vitamin C.</div>
		<a class="strong" href="file:///C:/static-page/Broccoli-Greens-Guide">
			Read More
			<span class="bullet"></span>
		</a>
	</li>
</ul>

			<div id="moreResultsPlaceHolder"></div>
	<div id="spinner" class="spinner" style="display:none;">
		<img id="img-spinner" src="file:///C:/img/ajax-loader.gif" alt="Loading">
	</div>
	
	<!-- Start: Load More Items -->
	<div class="load-more-container" id="loadMoreItemsWrapper">
		<div class="pagenofn">Showing 9 of 9</div> 
			</div>
</div>
	
	</div>
						</div>
					</div>
		</div>
						<a name="footeremail-result"></a>
	<div class="email-signup">
      <div class="row">
        <div class="small-12 large-3 columns">
          <h4 class="email-signup__header"><span>Sign up for</span> <br class="hide-for-small-only hide-for-medium-only">email updates</h4>
        </div>

        <div class="hide-for-small-only small-12 medium-6 large-4 columns">
          <p class="email-signup__copy">Sign up to receive exclusive email-only savings and information.</p>
        </div>

        <div class="small-12 medium-6 large-5 columns">
          <form role="form" method="POST" onsubmit="return !(displayCookiesRequiredModal());" name="signupemail" action="file:///C:/includes/?_DARGS=/includes/signupemail.jsp#" id="signupemail"><div style="display:none"><input name="_dyncharset" type="hidden" value="UTF-8"> </div><div style="display:none"><input name="_dynSessConf" type="hidden" value="-5086795091253690979"> </div><input name="userType" id="userType" type="hidden" value="EmailOnly"><input name="_D:userType" type="hidden" value=" "><input name="/heb/userprofiling/EmailSubscriptionFormHandler.createNewUser" type="hidden" value="true"><input name="_D:/heb/userprofiling/EmailSubscriptionFormHandler.createNewUser" type="hidden" value=" "><input name="/heb/userprofiling/EmailSubscriptionFormHandler.emailSubscriptionSuccessURL" type="hidden" value="/my-account/signup-email"><input name="_D:/heb/userprofiling/EmailSubscriptionFormHandler.emailSubscriptionSuccessURL" type="hidden" value=" "><input name="/heb/userprofiling/EmailSubscriptionFormHandler.emailSubscriptionErrorURL" type="hidden" value="/search/?q=Lettuce&amp;Ntt=Lettuce#footeremail-result"><input name="_D:/heb/userprofiling/EmailSubscriptionFormHandler.emailSubscriptionErrorURL" type="hidden" value=" "><div class="email-signup-form">
               		<label class="email-signup-form__field">
            			  <input name="/heb/userprofiling/EmailSubscriptionFormHandler.value.email" placeholder="Enter your email address" id="signup-email-address" type="email" class="" value=""><input name="_D:/heb/userprofiling/EmailSubscriptionFormHandler.value.email" type="hidden" value=" "></label>
              		<div class="email-signup-form__button">
                    <input name="/heb/userprofiling/EmailSubscriptionFormHandler.createEmailOnly" type="submit" class="email-signup__submit-btn" value="Go" aria-label="Submit Email Address"><input name="_D:/heb/userprofiling/EmailSubscriptionFormHandler.createEmailOnly" type="hidden" value=" "></div>
              	</div>
           <div style="display:none"><input name="_DARGS" type="hidden" value="/includes/signupemail.jsp"> </div></form></div>
      </div>
    </div>

<footer id="footer" class="footer footer-global">
		<div id="addToMylistOverlay" class="reveal-modal" data-reveal=""></div>
		<span id="profileActiveShoppingListIdTemp" data-value=""></span>
		<div id="deep-linking-modal" class="reveal-modal modal-deep-linking" data-reveal="" aria-hidden="true" role="dialog"></div>
		<div data-heb-key="Footer" data-heb-id="d90150e6-3c1b-415e-892e-7c8a4ca6a37a"><footer data-testid="react_footer" class="pwq9ot-0 exavSI"><div class="q7qr1a-0 dFAMfT"><div class="sc-1n4xlbb-0 gNVGkJ"><div class="sc-16zy0t4-0 hAXTIP"><h4 class="vg2yci-0 jObiyJ">Company</h4><ul class="vg2yci-1 igArjc"><li><a href="file:///C:/store-locations" class="hv9y8n-0 vg2yci-2 bvplLw">Find a Store</a></li><li><a href="https://careers.heb.com/about-h-e-b/" class="hv9y8n-0 vg2yci-2 bvplLw" rel="noopener noreferrer" target="_blank">About Us</a></li><li><a href="https://careers.heb.com/" class="hv9y8n-0 vg2yci-2 bvplLw" rel="noopener noreferrer" target="_blank">Careers</a></li><li><a href="file:///C:/static-page/Community-Involvement" class="hv9y8n-0 vg2yci-2 bvplLw">Community</a></li><li><a href="https://newsroom.heb.com/" class="hv9y8n-0 vg2yci-2 bvplLw" rel="noopener noreferrer" target="_blank">Newsroom</a></li><li><a href="file:///C:/static-page/Environment" class="hv9y8n-0 vg2yci-2 bvplLw">Corporate Responsibility</a></li><li><a href="file:///C:/static-page/Our-Family-of-Brands" class="hv9y8n-0 vg2yci-2 bvplLw">Our Brands</a></li><li><a href="file:///C:/static-page/Our-Stores" class="hv9y8n-0 vg2yci-2 bvplLw">Store Openings</a></li><li><a href="https://supplier.heb.com/" class="hv9y8n-0 vg2yci-2 bvplLw">Suppliers</a></li><li><a href="https://digital.heb.com/" class="hv9y8n-0 vg2yci-2 bvplLw" rel="noopener noreferrer" target="_blank">H‑E‑B Digital</a></li></ul></div><div class="sc-16zy0t4-0 hAXTIP"><h4 class="vg2yci-0 jObiyJ">Our Services</h4><ul class="vg2yci-1 igArjc"><li><a href="file:///C:/explore?exp=sthview&amp;amp;context=online" class="hv9y8n-0 vg2yci-2 bvplLw">Ship to Home</a></li><li><a href="file:///C:/pharmacy/common/landing" class="hv9y8n-0 vg2yci-2 bvplLw">Pharmacy</a></li><li><a href="file:///C:/static-page/restaurants-and-food-to-go-at-heb" class="hv9y8n-0 vg2yci-2 bvplLw">Restaurants</a></li><li><a href="file:///C:/static-page/business-center-services" class="hv9y8n-0 vg2yci-2 bvplLw">Business Center</a></li><li><a href="file:///C:/giftcards/" class="hv9y8n-0 vg2yci-2 bvplLw">Gift Cards</a></li><li><a href="https://www.hebdevelopment.com/" class="hv9y8n-0 vg2yci-2 bvplLw" rel="noopener noreferrer" target="_blank">H-E-B Commercial Real Estate</a></li><li><a href="https://www.heb.com/static-page/Nutrition-Services" class="hv9y8n-0 vg2yci-2 bvplLw">Dietitian/Nutritionist</a></li></ul></div><div class="sc-16zy0t4-0 gaweCj"><div class="sc-1n4xlbb-0 gNVGkJ"><div class="sc-16zy0t4-0 dYCUXH"><h4 class="vg2yci-0 jObiyJ">Customer Service</h4><ul class="vg2yci-1 igArjc"><li><a href="file:///C:/static-page/contact-us" class="hv9y8n-0 vg2yci-2 bvplLw">Contact Us</a></li><li><a href="https://survey.medallia.com/?hebcom-web" class="hv9y8n-0 vg2yci-2 bvplLw" rel="noopener noreferrer" target="_blank">Feedback</a></li><li><a href="file:///C:/static-pages/faq?page=Help-FAQ" class="hv9y8n-0 vg2yci-2 bvplLw">Help &amp; FAQs</a></li><li><a href="file:///C:/static-page/article-template/H-E-B-Coupon-Policy" class="hv9y8n-0 vg2yci-2 bvplLw">Coupon Policy</a></li><li><a href="file:///C:/static-page/article-template/H-E-B-Refund-Policy" class="hv9y8n-0 vg2yci-2 bvplLw">Refund Policy</a></li><li><a href="file:///C:/static-page/article-template/Recalls" class="hv9y8n-0 vg2yci-2 bvplLw">Product Recalls</a></li></ul></div><div class="sc-16zy0t4-0 dYCUXH"><h4 class="vg2yci-0 jObiyJ">More from H-E-B, LP</h4><ul class="vg2yci-1 igArjc"><li><a href="file:///C:/static-page/primo-picks-great-finds-at-h-e-b" class="hv9y8n-0 vg2yci-2 bvplLw">Primo Picks</a></li><li><a href="file:///C:/recipe/landing" class="hv9y8n-0 vg2yci-2 bvplLw">All Recipes &amp; Cooking</a></li><li><a href="file:///C:/static-page/meal-simple" class="hv9y8n-0 vg2yci-2 bvplLw">Meal Simple</a></li><li><a href="file:///C:/static-page/sushi" class="hv9y8n-0 vg2yci-2 bvplLw">Sushiya Sushi</a></li></ul></div></div></div><div class="sc-16zy0t4-0 iwvoMB"><ul class="dzpyub-0 ifyRMj"><li><a href="https://facebook.com/heb" class="hv9y8n-0 dzpyub-1 hmKySJ" aria-label="Facebook" title="Facebook"><svg width="44" height="44" viewBox="0 0 44 44"><defs><circle id="facebook_svg__a" cx="22" cy="22" r="22"></circle></defs><g fill="none" fill-rule="evenodd"><path d="M0 0h44v44H0z"></path><mask id="facebook_svg__b" fill="#fff"><use xlink:href="#facebook_svg__a"></use></mask><circle stroke="currentColor" stroke-width="4" mask="url(#facebook_svg__b)" cx="22" cy="22" r="22"></circle><path d="M23.315 35h-4.878V23.499H16v-3.963h2.437v-2.38c0-3.233 1.376-5.156 5.286-5.156h3.255v3.964h-2.034c-1.523 0-1.623.554-1.623 1.588l-.007 1.984H27l-.431 3.963h-3.255V35z" fill="currentColor" fill-rule="nonzero"></path></g></svg></a></li><li><a href="https://twitter.com/heb" class="hv9y8n-0 dzpyub-1 hmKySJ" aria-label="Twitter" title="Twitter"><svg width="44" height="44" viewBox="0 0 44 44"><defs><circle id="twitter_svg__a" cx="22" cy="22" r="22"></circle></defs><g fill="none" fill-rule="evenodd"><path d="M0 0h44v44H0z"></path><mask id="twitter_svg__b" fill="#fff"><use xlink:href="#twitter_svg__a"></use></mask><circle stroke="currentColor" stroke-width="4" mask="url(#twitter_svg__b)" cx="22" cy="22" r="22"></circle><path d="M30.526 16.846a4.51 4.51 0 001.893-2.513 8.355 8.355 0 01-2.736 1.102A4.194 4.194 0 0026.539 14c-2.38 0-4.307 2.035-4.307 4.544 0 .356.036.703.11 1.034-3.58-.19-6.754-1.996-8.88-4.747a4.724 4.724 0 00-.583 2.285c0 1.576.76 2.967 1.917 3.783a4.154 4.154 0 01-1.953-.568v.056c0 2.202 1.484 4.04 3.458 4.455a4.01 4.01 0 01-1.137.16c-.277 0-.548-.027-.81-.08.548 1.804 2.139 3.12 4.025 3.155-1.476 1.219-3.333 1.944-5.351 1.944A8.31 8.31 0 0112 29.959 11.747 11.747 0 0018.604 32c7.926 0 12.257-6.924 12.257-12.929 0-.197-.002-.394-.01-.587A9.006 9.006 0 0033 16.13a8.257 8.257 0 01-2.474.715z" fill="currentColor" fill-rule="nonzero"></path></g></svg></a></li><li><a href="https://www.pinterest.com/mytexaslife/" class="hv9y8n-0 dzpyub-1 hmKySJ" aria-label="Pinterest" title="Pinterest"><svg width="44" height="44" viewBox="0 0 44 44"><defs><circle id="pinterest_svg__a" cx="22" cy="22" r="22"></circle></defs><g fill="none" fill-rule="evenodd"><path d="M0 0h44v44H0z"></path><mask id="pinterest_svg__b" fill="#fff"><use xlink:href="#pinterest_svg__a"></use></mask><circle stroke="currentColor" stroke-width="4" mask="url(#pinterest_svg__b)" cx="22" cy="22" r="22"></circle><path d="M12 20.33c0 2.568.967 4.853 3.04 5.705.34.14.644.005.742-.374.069-.262.23-.923.303-1.199.1-.374.06-.505-.214-.832-.597-.71-.98-1.628-.98-2.93 0-3.773 2.806-7.152 7.308-7.152 3.985 0 6.174 2.451 6.174 5.724 0 4.306-1.894 7.94-4.704 7.94-1.554 0-2.715-1.292-2.343-2.876.446-1.892 1.31-3.935 1.31-5.3 0-1.222-.653-2.242-2.001-2.242-1.587 0-2.863 1.652-2.863 3.865 0 1.41.474 2.363.474 2.363l-1.909 8.139c-.566 2.415-.084 5.376-.044 5.674.024.178.25.22.353.087.146-.193 2.035-2.542 2.68-4.887.18-.665 1.042-4.105 1.042-4.105.516.99 2.023 1.86 3.625 1.86 4.771 0 8.007-4.376 8.007-10.235C32 15.125 28.272 11 22.605 11 15.555 11 12 16.087 12 20.33z" fill="currentColor" fill-rule="nonzero"></path></g></svg></a></li><li><a href="https://www.instagram.com/heb/" class="hv9y8n-0 dzpyub-1 hmKySJ" aria-label="Instagram" title="Instagram"><svg width="44" height="44" viewBox="0 0 44 44"><defs><circle id="instagram_svg__a" cx="22" cy="22" r="22"></circle></defs><g fill="none" fill-rule="evenodd"><path d="M0 0h44v44H0z"></path><mask id="instagram_svg__b" fill="#fff"><use xlink:href="#instagram_svg__a"></use></mask><circle stroke="currentColor" stroke-width="4" mask="url(#instagram_svg__b)" cx="22" cy="22" r="22"></circle><path d="M22 12.982c2.937 0 3.285.011 4.445.064 1.072.05 1.655.228 2.042.379.514.2.88.438 1.265.823.385.385.624.751.823 1.265.15.387.33.97.379 2.042.053 1.16.064 1.508.064 4.445 0 2.937-.011 3.285-.064 4.445-.05 1.072-.228 1.655-.379 2.043-.2.513-.438.88-.823 1.264a3.408 3.408 0 01-1.265.823c-.387.15-.97.33-2.042.379-1.16.053-1.508.064-4.445.064-2.937 0-3.285-.011-4.445-.064-1.072-.049-1.655-.228-2.042-.379a3.41 3.41 0 01-1.265-.823 3.408 3.408 0 01-.823-1.264c-.15-.388-.33-.97-.379-2.043-.053-1.16-.064-1.508-.064-4.445 0-2.937.011-3.285.064-4.445.049-1.072.228-1.655.379-2.042.2-.514.438-.88.823-1.265a3.408 3.408 0 011.265-.823c.387-.15.97-.33 2.042-.379 1.16-.053 1.508-.064 4.445-.064zM22 11c-2.987 0-3.362.013-4.535.066-1.171.054-1.97.24-2.67.512a5.392 5.392 0 00-1.949 1.268 5.392 5.392 0 00-1.269 1.949c-.271.7-.457 1.499-.51 2.67C11.012 18.638 11 19.013 11 22s.013 3.362.066 4.535c.054 1.171.24 1.97.511 2.67a5.392 5.392 0 001.27 1.949 5.392 5.392 0 001.948 1.269c.7.271 1.499.457 2.67.51 1.173.054 1.548.067 4.535.067s3.362-.013 4.535-.066c1.171-.054 1.97-.24 2.67-.511a5.392 5.392 0 001.949-1.27 5.392 5.392 0 001.268-1.948c.272-.7.458-1.499.512-2.67.053-1.173.066-1.548.066-4.535s-.013-3.362-.066-4.535c-.054-1.171-.24-1.97-.512-2.67a5.392 5.392 0 00-1.268-1.949 5.392 5.392 0 00-1.949-1.268c-.7-.272-1.499-.458-2.67-.512C25.362 11.013 24.987 11 22 11zm.022 5.369a5.653 5.653 0 100 11.306 5.653 5.653 0 000-11.306zm0 9.322a3.67 3.67 0 110-7.339 3.67 3.67 0 010 7.34zm7.137-9.584a1.31 1.31 0 11-2.62 0 1.31 1.31 0 012.62 0z" fill="currentColor" fill-rule="nonzero"></path></g></svg></a></li><li><a href="https://www.youtube.com/user/HEB" class="hv9y8n-0 dzpyub-1 hmKySJ" aria-label="YouTube" title="YouTube"><svg width="44" height="44" viewBox="0 0 44 44"><defs><circle id="youtube_svg__a" cx="22" cy="22" r="22"></circle></defs><g fill="none" fill-rule="evenodd"><path d="M0 0h44v44H0z"></path><mask id="youtube_svg__b" fill="#fff"><use xlink:href="#youtube_svg__a"></use></mask><circle stroke="currentColor" stroke-width="4" mask="url(#youtube_svg__b)" cx="22" cy="22" r="22"></circle><path d="M15.926 28.017l.016-4.051.757-.008.757-.01-.01-.624-.009-.624-2.185-.009-2.183-.009v1.266l.739.01.739.008.008 4.018c.004 2.21.015 4.037.024 4.06.012.032.165.04.672.033l.658-.009.017-4.05zm12.604-.285c-.031-.08.011-1.017.053-1.153.095-.319.299-.474.62-.474.266 0 .435.103.549.335.072.147.08.21.09.752l.011.592h-.652c-.561 0-.655-.007-.671-.052zm1.218 4.365c.64-.18 1.082-.618 1.248-1.237.028-.105.06-.406.072-.668l.019-.474h-1.232l-.015.425c-.018.484-.067.65-.243.804-.187.165-.53.177-.753.026-.266-.18-.332-.484-.318-1.472l.01-.7 1.274-.008 1.274-.01-.016-1.041c-.02-1.163-.045-1.339-.24-1.752-.37-.782-1.398-1.176-2.252-.864-.644.236-1.024.66-1.177 1.318-.054.232-.06.44-.06 2.14 0 2.086.007 2.17.22 2.598.378.76 1.327 1.156 2.189.915zm-5.047-1.188a.448.448 0 00.17-.242c.052-.151.056-.344.05-2.133-.008-1.864-.012-1.974-.072-2.096-.154-.312-.543-.342-.899-.069l-.117.089v4.252l.117.089c.263.202.552.244.751.11zm.772 1.2c.193-.056.428-.287.533-.522.202-.452.203-.463.203-3.003 0-2.085-.006-2.342-.058-2.567-.167-.722-.53-1.037-1.143-.991-.342.027-.612.163-.936.477-.14.136-.266.248-.28.248-.013 0-.025-.691-.025-1.534v-1.534H22.57v9.402h1.196v-.317c0-.21.012-.316.037-.316.02 0 .154.11.299.247.465.44.868.56 1.37.41zm-6.367-.03c.239-.09.52-.284.756-.526.109-.111.217-.201.24-.201.033 0 .044.09.044.366v.367h1.196v-6.968h-1.196v5.376l-.258.256c-.204.204-.29.266-.416.3-.214.06-.35.02-.438-.133-.066-.112-.068-.165-.078-2.957l-.008-2.842h-1.195v3.018c0 3.287.003 3.359.187 3.675.2.347.67.455 1.166.269zm.508 2.907c-.777-.014-1.696-.035-2.044-.048-2.331-.084-3.932-.174-4.251-.239a2.358 2.358 0 01-1.262-.766c-.473-.583-.726-1.291-.848-2.381-.284-2.535-.278-5.49.017-7.935.13-1.072.452-1.846.992-2.386a2.05 2.05 0 011-.582c.856-.22 7.554-.395 11.629-.304 2.353.052 4.896.162 5.572.239.874.1 1.488.554 1.913 1.415.321.65.423 1.157.554 2.718.102 1.235.127 2.005.108 3.432-.021 1.707-.13 3.21-.292 4.054-.17.893-.574 1.653-1.097 2.065-.403.319-.832.46-1.509.499l-.565.036c-.389.03-2.476.115-3.62.147-1.702.048-4.678.065-6.297.036zm-2.1-15.485c-.028-.047-.023-2.79.006-3.178.037-.498-.047-.89-.403-1.892a47.609 47.609 0 01-.464-1.4c-1.007-3.214-.954-3.026-.857-3.027a37.837 37.837 0 011.492.008c.006.007.221.79.478 1.744l.478 1.764c.005.016.156-.54.336-1.234.376-1.458.587-2.262.595-2.269.016-.016.203-.02.815-.016l.676.004-.015.109c-.012.088-.474 1.644-.957 3.225l-.3 1c-.11.376-.245.822-.3.992l-.096.31v1.93c0 1.812-.004 1.933-.058 1.947-.122.034-1.404.018-1.425-.017zm8.743.116c-.334-.045-.529-.174-.663-.44-.167-.334-.167-.332-.167-3.654v-3.1h1.347l.014 2.857c.015 3.105.011 3.032.196 3.08.17.041.359-.05.593-.29l.225-.23.008-2.709.008-2.709.674-.009.673-.008v7.097l-.092.019c-.11.023-1.13.021-1.213-.003-.05-.013-.058-.06-.058-.337v-.322l-.191.187c-.44.43-.915.63-1.354.57zm-3.392-1.355c.23-.177.232-.192.244-2.187.01-1.55.005-1.814-.042-2.025-.063-.286-.174-.42-.39-.48-.28-.075-.537.085-.627.393-.068.236-.067 3.753.001 3.99.053.178.22.372.343.4a.627.627 0 00.472-.091h-.001zm-.528 1.353c-.603-.073-1.157-.429-1.423-.914-.272-.495-.297-.754-.281-2.932.013-1.687.017-1.793.084-2.035.159-.576.467-.968.944-1.205a1.939 1.939 0 011.98.119c.393.255.632.625.76 1.175.056.243.062.43.062 2.133 0 2.072-.01 2.192-.222 2.64-.203.433-.663.814-1.144.948-.212.058-.58.093-.76.071z" fill="currentColor" fill-rule="nonzero"></path></g></svg></a></li></ul><div><a href="https://play.google.com/store/apps/details?id=com.heb.myheb" class="hv9y8n-0 bLfxHB" rel="noopener noreferrer" target="_blank"><img alt="Get it on Google Play" src="data:image/png;base64,iVBORw0KGgoAAAANSUhEUgAAAIgAAAAoCAMAAAASeEKOAAAAvVBMVEWlpaWmpqalpaWlpaWmpqafn5+mpqalpaX///9AQEAAAADv7++AgIC/v78REA8wMDBhYWHf39+Pj4+fn5/Pz88gICBwcHBSUlKvr6//0gCmpqYA3f8A8HZKGRD/wwEAyf8A46kJDwcA2P8A0v8L6W8AwV//OkQqKirqvwDvNkAGOxsA7ZGdb4x4ZACfhAC/LDOXIijPzBZgUADXMTlgkLkAg0AAUii/ngBQKzUArN8AuccA4PaAKxv4WTgA4f9CtyEwAAAACHRSTlO/zyjfSAKhZizX+2IAAAONSURBVHhezdjnUuNKEAVgLazgdPdEZZPZnMPN+f0f66pnrr0qI3O9i7fs80NVrYaqj9FBLijK8uik2HNOy7IsytOz4F/uNWSOj8ri6Jh47wnHZXES+ABSnRaPXh4CpD8pzg4DUhwi5M3zn2/vA3gLqcartcHqhbnSwfq0gq6IffVwyB9vL57dQ3HScVszWR3y1RIbu1w1FUl0ZB8O+efPtxcXz3/ZBAlNGqghcmuQtGpBYqudQFQyUt7MQ0zN3jaRxFq/Bul0ciC00u0EohKlzFbFi2PuhrlH48WPq4bARnYDUYlmtiq1VLV4PZGwBtHVIJ7A3OwIcp4lY2tnJN50LTsiGq8+3XDc+uXKsSPWeReQ8/OlRFu7r/dIcjx5kiWptfuCnCfI06c3GfLs8we3F0hyKEQl6rhavHo/bS27zgps1fL9MWY6tUbTM3MwtC1EHWOub5LjarFYvPqBVyFBioT7IcB0IqREzxZmO8jKcX19kxwqWawkBMTO+9DgKyHRGBMhblvIxHH9099XYxaa95zjIhqXRfx1EJu/u9sWMnW8eLGUfFi2JAAtT0OUZ/bk86Ilv4I4oimEB5gEaYnc/0GmjlGijl8vV+gBw5TRCYDBMfuYG8CuBhCBBKkASD85EcknovdR+fRDOSDMQaaOLJk2dVk1pIQOaCzQcCsQGyHaRdgGCaKOoYH49Y50+WuCRc3cIc52ZOrQvP6Lp7GovkA60ckLQq3NcQ0GAjxznSAOCC4A9Z3fmt4QVbA9xHGEmYdkx7v/HJ/WPviqL/4IkwtZwzTotWwQkx6dSxCCVAIMtDqRPp+ps9BYjgikmFnI1PHxTqM80OWBgD5DqiWEAIN6AgGiaadlzZAaYswAywGxRj1f1onjx0u+mwq5JSSoOamcIAywucl9qkSXIC3SkzN3IFbrqRAnANp5yMrxeo7B7CwgdmigrTBAXQmiI6AxFiBuIFW9KqtUlYJnTsRCaUavGyHvUkdveUOMQFO7fD5A45mD5Le+NhaQDHGDrq1bh7QRQKMED9BGiDo+Ob4n1BlyeWiXn2GuN71Ld8j0PRomve+7zuc1ec7x1DL3htKdgMgbIL+Pjo+X/K1xUXwqC2+ViLAJ8pt29AGxgI0AbeUIkO/2J2d+xffbqs13g+Q6fFMUcnwo/5Y46Q8BYk6Lx3W7fwedlUV5UtPtfhmuPzsdIeXjR2d7TnFUlv8CYhAcAr2fM0cAAAAASUVORK5CYII=" class="h2tu87-0 bBGLTr"></a></div><div><a href="https://apps.apple.com/app/id1477891300" class="hv9y8n-0 bLfxHB" rel="noopener noreferrer" target="_blank"><img alt="Download on the App Store" src="data:image/png;base64,iVBORw0KGgoAAAANSUhEUgAAAIcAAAAoCAMAAADjcxkDAAAAVFBMVEVHcEyfn5+mpqacnJx9fX2ampqmpqZJSUkAAABTU1MKCgqmpqYQEBCAgIDPz89wcHAgICBAQEBgYGAwMDDv7+////9QUFC/v7+vr6+fn5+Pj4/f398tHM2rAAAAB3RSTlMAEJ///+/Pt0RaHAAAA01JREFUeAHMzgcBADAIA7C2ezz/eicDoiAAtXavIwK8z7q9S+hZPxeWDRCJbRPs+Y/6xJXJjuM6DEW3dyFKoqRravj//3wx7cpY7VcNNFAHWlwwTHSiwZaY8EJWVXyP5OvCnaJ/6VEbueEFadZaxXdQrwtOEMDk7zxCI5nfPAyhN0ClIEvOAhXIJurTZpGMkERxi+nw8Fou5VidQYFNKdjb6s88JsmBDw8oa+FsEyyJdXSwRWZQc+uxhToma2jR3OOoKeNauBFpMBoTeuwt/MhjkS1872EDhejTWloF3EAFNTUEbiEZkzLAPWSvqTJsxA0lYBMm4BDqjzzIEfCNx2iwuXuUyLR8wmPI2j3m2igPj3V4QB8ecnpIvvbIqZtkaN6G2dQXjyXGAmmyDJl2G7h7VI7e8liTklvvTAC8Fp485PSIUQSXHolOnItOD7ijcvyLZBKApPuA5HNsfVTkMZJC+9w/wlmTfdwIs6PoPsK0a4/Jd+JvPMeUH6Tf8Oi/pPHmEX5pV9499H+XY5ID12yLZCv/1kO/ebzhkvL4A1v5Zx4bXqhs7nZBYwzAlgGh/TOP+b4tPR61qhkqJTxH5+6pg1HVG1LS8zuhFC+IXnlkvtPC27akybUn44gkW93j9FhOjw6HjqJG3lgVmJyLBgzeiFfvucYX3tsrmStZ3YMcg2wZ4rHtET7J8rWxxWZWw2KT2diCNzbDZCulcVx4DH4QFXeEEVich4f6RiYIWTz6hoV+rs15PhJZH40TyF/fDH/22MirIxI5VLtvzGQ8KgbxgkdHdxP58rDnxnZcKLlB6p89sPhB/jw+9X4ZjPYVJw0ndbE9POZro9C59ih8Z7y8i+0GOT89PD6vq949+rvHUidceMAuLkz8+skFiH8SGieE9PikXMh8bsM4GumNdjhmOFceuf3xQZbJ4styTMKeayTrHq1WOxe6TdXSuLwvKZQcIRiZTw8srg1500sP1EPE2vsh9fnd5zz7Z8NzBJROq95HApNOgXs8ZhjXHqg99gJAh9mGJ6YNOMN8jYsdDWcs2Aml33Ly3dxuye+P2VAAxVwVeZpXLjx+jNBw8t9ATHIA9d0x6g5QBYvEpNwdg2UcZrCMSw2WcbrBMm4JACOv41wVWnUhAAAAAElFTkSuQmCC" class="h2tu87-0 bBGLTr"></a></div><div><a href="https://www.entrust.net/customer/profile.cfm?domain=www.heb.com&amp;lang=en" class="hv9y8n-0 bLfxHB" rel="noopener noreferrer" target="_blank"><img src="./heb_lettuce_search_files/entrust_site_seal_small.png" title="Secured by Entrust SSL" class="pwq9ot-1 kKkwxC"></a></div></div></div><div class="pwq9ot-2 kTOyWh"><p font-size="small" class="sc-1pvqt4t-0 evAyQr">Copyright © <!-- -->2020<!-- --> H‑E‑B, LP</p><p font-size="small" class="sc-1pvqt4t-0 evAyQr"><a href="file:///C:/privacy" class="hv9y8n-0 bLfxHB">Privacy Policy</a> <!-- -->|<!-- --> <a href="file:///C:/terms" class="hv9y8n-0 bLfxHB">Terms &amp; Conditions</a> <!-- -->|<!-- --> <a href="file:///C:/static-page/Sitemap" class="hv9y8n-0 bLfxHB">Site Map</a></p><p font-size="small" class="sc-1pvqt4t-0 evAyQr"><a href="file:///C:/static-page/H-E-B-partner-services" class="hv9y8n-0 bLfxHB">Partners</a></p><p font-size="small" class="sc-1pvqt4t-0 evAyQr"><a href="https://www.heb.com.mx/" class="hv9y8n-0 sc-7azpjh-0 XcWgi" rel="noopener noreferrer" target="_blank">H-E-B, LP Mexico</a><a href="https://centralmarket.com/" class="hv9y8n-0 sc-7azpjh-0 XcWgi" rel="noopener noreferrer" target="_blank">Central Market</a><a href="http://mitiendatx.com/" class="hv9y8n-0 sc-7azpjh-0 XcWgi" rel="noopener noreferrer" target="_blank">Mi Tienda</a><a href="http://joevsmartshop.com/" class="hv9y8n-0 sc-7azpjh-0 XcWgi" rel="noopener noreferrer" target="_blank">Joe V's Smart Shop</a><a href="https://bloomsflowers.com/" class="hv9y8n-0 sc-7azpjh-0 XcWgi" rel="noopener noreferrer" target="_blank">Blooms Design Studio</a></p></div></div></footer></div>
<script type="application/json" data-heb-key="Footer" data-heb-id="d90150e6-3c1b-415e-892e-7c8a4ca6a37a"><!--null--></script><!--  include addtocart logic elements -->
		<!-- USER SELECTED STORE: 16 -->
	<!-- Optional, for full PDP options -->
	<form method="POST" name="addToCartForm" action="file:///C:/xhr/data/cart.jsp?_DARGS=/pdp/includes/pdpform.jsp" id="addToCartForm"><div style="display:none"><input name="_dyncharset" type="hidden" value="UTF-8"> </div><div style="display:none"><input name="_dynSessConf" type="hidden" value="-5086795091253690979"> </div><input name="/heb/commerce/order/purchase/HEBCartFormHandler.productId" id="formProductId" type="hidden" value=""><input name="_D:/heb/commerce/order/purchase/HEBCartFormHandler.productId" type="hidden" value=" "><input name="/heb/commerce/order/purchase/HEBCartFormHandler.skuId" id="formskuId" type="hidden" value=""><input name="_D:/heb/commerce/order/purchase/HEBCartFormHandler.skuId" type="hidden" value=" "><input name="/heb/commerce/order/purchase/HEBCartFormHandler.quantity" id="formQuantity" type="hidden" value=""><input name="_D:/heb/commerce/order/purchase/HEBCartFormHandler.quantity" type="hidden" value=" "><!-- <input name="/heb/commerce/order/purchase/HEBCartFormHandler.weight" id="formWeight" type="hidden" value=""/><input name="_D:/heb/commerce/order/purchase/HEBCartFormHandler.weight" type="hidden" value=" "/> -->
		<input name="/heb/commerce/order/purchase/HEBCartFormHandler.pickerChoiceMap.userSelectedStore" id="formStore" type="hidden" value="16"><input name="_D:/heb/commerce/order/purchase/HEBCartFormHandler.pickerChoiceMap.userSelectedStore" type="hidden" value=" "><input name="/heb/commerce/order/purchase/HEBCartFormHandler.subscribed" id="formSubscriptionOption" type="hidden" value=""><input name="_D:/heb/commerce/order/purchase/HEBCartFormHandler.subscribed" type="hidden" value=" "><input name="/heb/commerce/order/purchase/HEBCartFormHandler.successURL" type="hidden" value="/search/"><input name="_D:/heb/commerce/order/purchase/HEBCartFormHandler.successURL" type="hidden" value=" "><input name="/heb/commerce/order/purchase/HEBCartFormHandler.errorURL" type="hidden" value="/search/"><input name="_D:/heb/commerce/order/purchase/HEBCartFormHandler.errorURL" type="hidden" value=" "><input name="/heb/commerce/order/purchase/HEBCartFormHandler.addItemToOrder" type="hidden" value="true"><input name="_D:/heb/commerce/order/purchase/HEBCartFormHandler.addItemToOrder" type="hidden" value=" "><div style="display:none"><input name="_DARGS" type="hidden" value="/pdp/includes/pdpform.jsp"> </div></form><!-- Update Quantity form added so you can remove items from a category page -->
	<form formid="updateQuantityForm" method="POST" action="file:///C:/cart/?_DARGS=/pdp/includes/pdpform.jsp.1" id="modifyItemForm"><div style="display:none"><input name="_dyncharset" type="hidden" value="UTF-8"> </div><div style="display:none"><input name="_dynSessConf" type="hidden" value="-5086795091253690979"> </div><input name="/heb/commerce/order/purchase/HEBCartFormHandler.commerceItemId" id="updateItemId" type="hidden" value=""><input name="_D:/heb/commerce/order/purchase/HEBCartFormHandler.commerceItemId" type="hidden" value=" "><input name="/heb/commerce/order/purchase/HEBCartFormHandler.quantity" id="updateItemQuantity" type="hidden" value=""><input name="_D:/heb/commerce/order/purchase/HEBCartFormHandler.quantity" type="hidden" value=" "><input name="/heb/commerce/order/purchase/HEBCartFormHandler.errorURL" type="hidden" value=""><input name="_D:/heb/commerce/order/purchase/HEBCartFormHandler.errorURL" type="hidden" value=" "><input name="/heb/commerce/order/purchase/HEBCartFormHandler.successURL" type="hidden" value=""><input name="_D:/heb/commerce/order/purchase/HEBCartFormHandler.successURL" type="hidden" value=" "><input name="/heb/commerce/order/purchase/HEBCartFormHandler.changeItemQuantity" type="hidden" value="doit"><input name="_D:/heb/commerce/order/purchase/HEBCartFormHandler.changeItemQuantity" type="hidden" value=" "><div style="display:none"><input name="_DARGS" type="hidden" value="/pdp/includes/pdpform.jsp.1"> </div></form><div id="PickupDivOverlay"></div>
	 		
	 		<div class="hide" id="requiredCookiesOverlay"></div>
	 		
	    	<script type="text/javascript">
			var errorMessageObject = {
				"inventoryMessage" : '<!-- Id : error.orderQuantityNotAvailable , Code : error.orderQuantityNotAvailable -->Sorry, we only have {0} units available for this product.',
				"moqMessage" : '<!-- Id : error.moqNotAvailable , Code : error.moqNotAvailable -->Oops. This product is only available in a minimum quantity of {0} or more units.'
			};
		</script>
		<!--  end of include addtocart logic elements -->
	</footer>
	
	<a class="exit-off-canvas"></a>
	
	<script type="text/javascript">window.__PRELOADED_STATE__ = {"app":{"env":"production","features":{"WEB_408_EXO_GRAPHQL":false},"googleMapsKey":"AIzaSyAaGgOT6OAbQaCuOjDHj_w-80s1B91wKsM","sentryDSN":"https://9d2f1ef5a5354e1081010ef2d87ecb37@o256723.ingest.sentry.io/5257028","version":"f58b9edb1c7dd5f3855b7dea97304936c3ccd8c0","googleRecaptchaSiteKey":"6LefKvEUAAAAAILfHUZFcKKuUirG4qD0_aBnnFUL","pageId":"cat"},"cart":{"curbsideFulfillmentMode":"pickup","priceInfo":{"itemTotal":{"amount":0,"formattedAmount":"$0.00"},"total":null,"totalDiscounts":null,"rawSubtotal":null,"subTotal":null,"savings":null},"contactInfo":{"country":"US","lastName":null,"postalCode4":null,"postalCode5":null,"city":null,"prefix":null,"postalCode":null,"jobTitle":null,"companyName":null,"county":null,"ownerId":null,"suffix":null,"phoneField1":null,"phoneField3":null,"lastModifiedFormatted":null,"phoneField2":null,"state":null,"email":null,"address3":null,"allowAlcoholDelivery":false,"address2":null,"nickName":null,"address1":null,"uspsValidated":false,"confirmEmail":null,"lastUsedFormatted":null,"deliveryInstructions":null,"lastUsed":null,"firstName":null,"phoneNumber":null,"preferredDeliveryLocation":null,"faxNumber":null,"middleName":null,"lastModified":null,"defaultAddress":false},"orderContext":"curbside","timeslot":{"date":null,"allowAlcohol":false,"reservationId":0,"timeslotId":null,"startTime":null,"endTime":null,"expiry":null,"fulfillmentType":null},"totalCommerceItemCount":0,"id":"HEB5299750528","store":{"pharmacyHours":{"Mon-Fri":"08:00 AM  - 08:00 PM\n","Sat":"09:00 AM  - 06:00 PM\n","Sun":"10:00 AM  - 05:00 PM\n"},"hours":{"Mon-Sun":"07:00 AM  - 11:00 PM\n"},"pharmacyPhoneNumber":"(817) 447 - 3213","storeSeoUrl":"/heb-store/US/tx/burleson/burleson-h-e-b-plus--16","city":"BURLESON","address1":"165 N.W.JOHN JONES DR.","postalCode":"76028-5154","hasPharmacy":true,"phoneNumber":"(817) 447 - 7484","repositoryId":"16","name":"Burleson H-E-B plus!","id":"16","state":"TX"},"itemCount":0},"modal":{},"profile":{"currentSessionContext":"curbside","firstName":null,"currentSessionView":"cspview","csrID":null,"currentSessionStore":{"pharmacyHours":{"Mon-Fri":"08:00 AM  - 08:00 PM\n","Sat":"09:00 AM  - 06:00 PM\n","Sun":"10:00 AM  - 05:00 PM\n"},"hours":{"Mon-Sun":"07:00 AM  - 11:00 PM\n"},"pharmacyPhoneNumber":"(817) 447 - 3213","storeSeoUrl":"/heb-store/US/tx/burleson/burleson-h-e-b-plus--16","city":"BURLESON","address1":"165 N.W.JOHN JONES DR.","postalCode":"76028-5154","hasPharmacy":true,"phoneNumber":"(817) 447 - 7484","repositoryId":"16","name":"Burleson H-E-B plus!","id":"16","state":"TX"},"anonymous":true,"explicitOrAutoLoggedIn":false,"showCartSwitchModal":true,"login":null,"userSelectedStore":true},"stores":{"settingCurbsideStore":false,"pickupStoreId":null,"pickupStoreZip":null,"isStoreSelected":false,"loadingStoreResults":false,"cachedSearchAddress":"","storeResults":null,"storeResultsError":null,"storePickerOpen":false}};
    window.__APOLLO_STATE__={};
    window.__CLIENT_CONFIG__ = {"version":"f58b9edb1c7dd5f3855b7dea97304936c3ccd8c0","name":"WebPlatform-EXO (Production)","graphqlUrl":"/graphql"};
    </script><script type="text/javascript" src="./heb_lettuce_search_files/ReduxHeader.42f5c955618df83b32bb.js.download" defer="defer"></script><script type="text/javascript" src="./heb_lettuce_search_files/vendors_Header_ManageCreditCardsPage.76783d61c536e060c83f.js.download" defer="defer"></script><script type="text/javascript" src="./heb_lettuce_search_files/vendors_Header.686f973c7312f104a45c.js.download" defer="defer"></script><script type="text/javascript" src="./heb_lettuce_search_files/Header.5a2335df2c42add65ac2.js.download" defer="defer"></script><script type="text/javascript" src="./heb_lettuce_search_files/Footer.b1d158866d04c150521a.js.download" defer="defer"></script><script type="text/javascript" src="./heb_lettuce_search_files/runtime_main.b33ebdaf1e1452c96261.js.download" defer="defer"></script><script type="text/javascript" src="./heb_lettuce_search_files/main.f0c4e2c96678aeb02094.js.download" defer="defer"></script></div>
				</div>
			</div>
		</div><script type="text/javascript" id="">!function(b,e,f,g,a,c,d){b.fbq||(a=b.fbq=function(){a.callMethod?a.callMethod.apply(a,arguments):a.queue.push(arguments)},b._fbq||(b._fbq=a),a.push=a,a.loaded=!0,a.version="2.0",a.queue=[],c=e.createElement(f),c.async=!0,c.src=g,d=e.getElementsByTagName(f)[0],d.parentNode.insertBefore(c,d))}(window,document,"script","https://connect.facebook.net/en_US/fbevents.js");fbq("init","1396398977117518");fbq("track","PageView");</script>
<noscript>&lt;img height=&quot;1&quot; width=&quot;1&quot; style=&quot;display:none&quot;
  src=&quot;https://www.facebook.com/tr?id=1396398977117518</div></noscript><script type="text/javascript" id="">!function(b){if(!window.pintrk){window.pintrk=function(){window.pintrk.queue.push(Array.prototype.slice.call(arguments))};var a=window.pintrk;a.queue=[];a.version="3.0";a=document.createElement("script");a.async=!0;a.src=b;b=document.getElementsByTagName("script")[0];b.parentNode.insertBefore(a,b)}}("https://s.pinimg.com/ct/core.js");pintrk("load","2614944048221");pintrk("page",{page_name:google_tag_manager["GTM-MV693B9"].macro(6),page_category:"PAGE_CATEGORY"});</script>
  <noscript>
    <img height="1" width="1" style="display:none;" alt="" src="https://ct.pinterest.com/v3/?tid=2614944048221&amp;noscript=1">
  </noscript><script type="text/javascript" id="">(function(){try{var a=google_tag_manager["GTM-MV693B9"].macro(9);a&&google_tag_manager["GTM-MV693B9"].macro(10)(google_tag_manager["GTM-MV693B9"].macro(11),a)}catch(b){google_tag_manager["GTM-MV693B9"].macro(13)("HTML - Store User ID error: "+b.message)}})();</script><script type="text/javascript" id="">(function(a,b,d){if(!a.snaptr){var c=a.snaptr=function(){c.handleRequest?c.handleRequest.apply(c,arguments):c.queue.push(arguments)};c.queue=[];a="script";r=b.createElement(a);r.async=!0;r.src=d;b=b.getElementsByTagName(a)[0];b.parentNode.insertBefore(r,b)}})(window,document,"https://sc-static.net/scevent.min.js");snaptr("init","62a802e2-1947-4acc-b626-e01191ccfba7",{user_email:""});snaptr("track","PAGE_VIEW");</script>


		<!-- Include dependencies for Vue non-single-page-app -->
		
<script type="text/javascript">(window.NREUM||(NREUM={})).init={distributed_tracing:{enabled:true}};(window.NREUM||(NREUM={})).loader_config={agentID:"242087782",accountID:"1681014",trustKey:"1681014",xpid:"VQAPUFZSDBACUFNSDwQPUlQ=",licenseKey:"107f4f8ae4",applicationID:"242085840"};window.NREUM||(NREUM={}),__nr_require=function(t,e,n){function r(n){if(!e[n]){var o=e[n]={exports:{}};t[n][0].call(o.exports,function(e){var o=t[n][1][e];return r(o||e)},o,o.exports)}return e[n].exports}if("function"==typeof __nr_require)return __nr_require;for(var o=0;o<n.length;o++)r(n[o]);return r}({1:[function(t,e,n){function r(t){try{s.console&&console.log(t)}catch(e){}}var o,i=t("ee"),a=t(25),s={};try{o=localStorage.getItem("__nr_flags").split(","),console&&"function"==typeof console.log&&(s.console=!0,o.indexOf("dev")!==-1&&(s.dev=!0),o.indexOf("nr_dev")!==-1&&(s.nrDev=!0))}catch(c){}s.nrDev&&i.on("internal-error",function(t){r(t.stack)}),s.dev&&i.on("fn-err",function(t,e,n){r(n.stack)}),s.dev&&(r("NR AGENT IN DEVELOPMENT MODE"),r("flags: "+a(s,function(t,e){return t}).join(", ")))},{}],2:[function(t,e,n){function r(t,e,n,r,s){try{l?l-=1:o(s||new UncaughtException(t,e,n),!0)}catch(f){try{i("ierr",[f,c.now(),!0])}catch(d){}}return"function"==typeof u&&u.apply(this,a(arguments))}function UncaughtException(t,e,n){this.message=t||"Uncaught error with no additional information",this.sourceURL=e,this.line=n}function o(t,e){var n=e?null:c.now();i("err",[t,n])}var i=t("handle"),a=t(26),s=t("ee"),c=t("loader"),f=t("gos"),u=window.onerror,d=!1,p="nr@seenError",l=0;c.features.err=!0,t(1),window.onerror=r;try{throw new Error}catch(h){"stack"in h&&(t(13),t(12),"addEventListener"in window&&t(6),c.xhrWrappable&&t(14),d=!0)}s.on("fn-start",function(t,e,n){d&&(l+=1)}),s.on("fn-err",function(t,e,n){d&&!n[p]&&(f(n,p,function(){return!0}),this.thrown=!0,o(n))}),s.on("fn-end",function(){d&&!this.thrown&&l>0&&(l-=1)}),s.on("internal-error",function(t){i("ierr",[t,c.now(),!0])})},{}],3:[function(t,e,n){t("loader").features.ins=!0},{}],4:[function(t,e,n){function r(){L++,C=g.hash,this[u]=y.now()}function o(){L--,g.hash!==C&&i(0,!0);var t=y.now();this[h]=~~this[h]+t-this[u],this[d]=t}function i(t,e){E.emit("newURL",[""+g,e])}function a(t,e){t.on(e,function(){this[e]=y.now()})}var s="-start",c="-end",f="-body",u="fn"+s,d="fn"+c,p="cb"+s,l="cb"+c,h="jsTime",m="fetch",v="addEventListener",w=window,g=w.location,y=t("loader");if(w[v]&&y.xhrWrappable){var x=t(10),b=t(11),E=t(8),O=t(6),R=t(13),P=t(7),T=t(14),N=t(9),M=t("ee"),S=M.get("tracer");t(16),y.features.spa=!0;var C,L=0;M.on(u,r),M.on(p,r),M.on(d,o),M.on(l,o),M.buffer([u,d,"xhr-done","xhr-resolved"]),O.buffer([u]),R.buffer(["setTimeout"+c,"clearTimeout"+s,u]),T.buffer([u,"new-xhr","send-xhr"+s]),P.buffer([m+s,m+"-done",m+f+s,m+f+c]),E.buffer(["newURL"]),x.buffer([u]),b.buffer(["propagate",p,l,"executor-err","resolve"+s]),S.buffer([u,"no-"+u]),N.buffer(["new-jsonp","cb-start","jsonp-error","jsonp-end"]),a(T,"send-xhr"+s),a(M,"xhr-resolved"),a(M,"xhr-done"),a(P,m+s),a(P,m+"-done"),a(N,"new-jsonp"),a(N,"jsonp-end"),a(N,"cb-start"),E.on("pushState-end",i),E.on("replaceState-end",i),w[v]("hashchange",i,!0),w[v]("load",i,!0),w[v]("popstate",function(){i(0,L>1)},!0)}},{}],5:[function(t,e,n){function r(t){}if(window.performance&&window.performance.timing&&window.performance.getEntriesByType){var o=t("ee"),i=t("handle"),a=t(13),s=t(12),c="learResourceTimings",f="addEventListener",u="resourcetimingbufferfull",d="bstResource",p="resource",l="-start",h="-end",m="fn"+l,v="fn"+h,w="bstTimer",g="pushState",y=t("loader");y.features.stn=!0,t(8),"addEventListener"in window&&t(6);var x=NREUM.o.EV;o.on(m,function(t,e){var n=t[0];n instanceof x&&(this.bstStart=y.now())}),o.on(v,function(t,e){var n=t[0];n instanceof x&&i("bst",[n,e,this.bstStart,y.now()])}),a.on(m,function(t,e,n){this.bstStart=y.now(),this.bstType=n}),a.on(v,function(t,e){i(w,[e,this.bstStart,y.now(),this.bstType])}),s.on(m,function(){this.bstStart=y.now()}),s.on(v,function(t,e){i(w,[e,this.bstStart,y.now(),"requestAnimationFrame"])}),o.on(g+l,function(t){this.time=y.now(),this.startPath=location.pathname+location.hash}),o.on(g+h,function(t){i("bstHist",[location.pathname+location.hash,this.startPath,this.time])}),f in window.performance&&(window.performance["c"+c]?window.performance[f](u,function(t){i(d,[window.performance.getEntriesByType(p)]),window.performance["c"+c]()},!1):window.performance[f]("webkit"+u,function(t){i(d,[window.performance.getEntriesByType(p)]),window.performance["webkitC"+c]()},!1)),document[f]("scroll",r,{passive:!0}),document[f]("keypress",r,!1),document[f]("click",r,!1)}},{}],6:[function(t,e,n){function r(t){for(var e=t;e&&!e.hasOwnProperty(u);)e=Object.getPrototypeOf(e);e&&o(e)}function o(t){s.inPlace(t,[u,d],"-",i)}function i(t,e){return t[1]}var a=t("ee").get("events"),s=t("wrap-function")(a,!0),c=t("gos"),f=XMLHttpRequest,u="addEventListener",d="removeEventListener";e.exports=a,"getPrototypeOf"in Object?(r(document),r(window),r(f.prototype)):f.prototype.hasOwnProperty(u)&&(o(window),o(f.prototype)),a.on(u+"-start",function(t,e){var n=t[1],r=c(n,"nr@wrapped",function(){function t(){if("function"==typeof n.handleEvent)return n.handleEvent.apply(n,arguments)}var e={object:t,"function":n}[typeof n];return e?s(e,"fn-",null,e.name||"anonymous"):n});this.wrapped=t[1]=r}),a.on(d+"-start",function(t){t[1]=this.wrapped||t[1]})},{}],7:[function(t,e,n){function r(t,e,n){var r=t[e];"function"==typeof r&&(t[e]=function(){var t=i(arguments),e={};o.emit(n+"before-start",[t],e);var a;e[m]&&e[m].dt&&(a=e[m].dt);var s=r.apply(this,t);return o.emit(n+"start",[t,a],s),s.then(function(t){return o.emit(n+"end",[null,t],s),t},function(t){throw o.emit(n+"end",[t],s),t})})}var o=t("ee").get("fetch"),i=t(26),a=t(25);e.exports=o;var s=window,c="fetch-",f=c+"body-",u=["arrayBuffer","blob","json","text","formData"],d=s.Request,p=s.Response,l=s.fetch,h="prototype",m="nr@context";d&&p&&l&&(a(u,function(t,e){r(d[h],e,f),r(p[h],e,f)}),r(s,"fetch",c),o.on(c+"end",function(t,e){var n=this;if(e){var r=e.headers.get("content-length");null!==r&&(n.rxSize=r),o.emit(c+"done",[null,e],n)}else o.emit(c+"done",[t],n)}))},{}],8:[function(t,e,n){var r=t("ee").get("history"),o=t("wrap-function")(r);e.exports=r;var i=window.history&&window.history.constructor&&window.history.constructor.prototype,a=window.history;i&&i.pushState&&i.replaceState&&(a=i),o.inPlace(a,["pushState","replaceState"],"-")},{}],9:[function(t,e,n){function r(t){function e(){c.emit("jsonp-end",[],p),t.removeEventListener("load",e,!1),t.removeEventListener("error",n,!1)}function n(){c.emit("jsonp-error",[],p),c.emit("jsonp-end",[],p),t.removeEventListener("load",e,!1),t.removeEventListener("error",n,!1)}var r=t&&"string"==typeof t.nodeName&&"script"===t.nodeName.toLowerCase();if(r){var o="function"==typeof t.addEventListener;if(o){var a=i(t.src);if(a){var u=s(a),d="function"==typeof u.parent[u.key];if(d){var p={};f.inPlace(u.parent,[u.key],"cb-",p),t.addEventListener("load",e,!1),t.addEventListener("error",n,!1),c.emit("new-jsonp",[t.src],p)}}}}}function o(){return"addEventListener"in window}function i(t){var e=t.match(u);return e?e[1]:null}function a(t,e){var n=t.match(p),r=n[1],o=n[3];return o?a(o,e[r]):e[r]}function s(t){var e=t.match(d);return e&&e.length>=3?{key:e[2],parent:a(e[1],window)}:{key:t,parent:window}}var c=t("ee").get("jsonp"),f=t("wrap-function")(c);if(e.exports=c,o()){var u=/[?&](?:callback|cb)=([^&#]+)/,d=/(.*)\.([^.]+)/,p=/^(\w+)(\.|$)(.*)$/,l=["appendChild","insertBefore","replaceChild"];Node&&Node.prototype&&Node.prototype.appendChild?f.inPlace(Node.prototype,l,"dom-"):(f.inPlace(HTMLElement.prototype,l,"dom-"),f.inPlace(HTMLHeadElement.prototype,l,"dom-"),f.inPlace(HTMLBodyElement.prototype,l,"dom-")),c.on("dom-start",function(t){r(t[0])})}},{}],10:[function(t,e,n){var r=t("ee").get("mutation"),o=t("wrap-function")(r),i=NREUM.o.MO;e.exports=r,i&&(window.MutationObserver=function(t){return this instanceof i?new i(o(t,"fn-")):i.apply(this,arguments)},MutationObserver.prototype=i.prototype)},{}],11:[function(t,e,n){function r(t){var e=a.context(),n=s(t,"executor-",e),r=new f(n);return a.context(r).getCtx=function(){return e},a.emit("new-promise",[r,e],e),r}function o(t,e){return e}var i=t("wrap-function"),a=t("ee").get("promise"),s=i(a),c=t(25),f=NREUM.o.PR;e.exports=a,f&&(window.Promise=r,["all","race"].forEach(function(t){var e=f[t];f[t]=function(n){function r(t){return function(){a.emit("propagate",[null,!o],i),o=o||!t}}var o=!1;c(n,function(e,n){Promise.resolve(n).then(r("all"===t),r(!1))});var i=e.apply(f,arguments),s=f.resolve(i);return s}}),["resolve","reject"].forEach(function(t){var e=f[t];f[t]=function(t){var n=e.apply(f,arguments);return t!==n&&a.emit("propagate",[t,!0],n),n}}),f.prototype["catch"]=function(t){return this.then(null,t)},f.prototype=Object.create(f.prototype,{constructor:{value:r}}),c(Object.getOwnPropertyNames(f),function(t,e){try{r[e]=f[e]}catch(n){}}),a.on("executor-start",function(t){t[0]=s(t[0],"resolve-",this),t[1]=s(t[1],"resolve-",this)}),a.on("executor-err",function(t,e,n){t[1](n)}),s.inPlace(f.prototype,["then"],"then-",o),a.on("then-start",function(t,e){this.promise=e,t[0]=s(t[0],"cb-",this),t[1]=s(t[1],"cb-",this)}),a.on("then-end",function(t,e,n){this.nextPromise=n;var r=this.promise;a.emit("propagate",[r,!0],n)}),a.on("cb-end",function(t,e,n){a.emit("propagate",[n,!0],this.nextPromise)}),a.on("propagate",function(t,e,n){this.getCtx&&!e||(this.getCtx=function(){if(t instanceof Promise)var e=a.context(t);return e&&e.getCtx?e.getCtx():this})}),r.toString=function(){return""+f})},{}],12:[function(t,e,n){var r=t("ee").get("raf"),o=t("wrap-function")(r),i="equestAnimationFrame";e.exports=r,o.inPlace(window,["r"+i,"mozR"+i,"webkitR"+i,"msR"+i],"raf-"),r.on("raf-start",function(t){t[0]=o(t[0],"fn-")})},{}],13:[function(t,e,n){function r(t,e,n){t[0]=a(t[0],"fn-",null,n)}function o(t,e,n){this.method=n,this.timerDuration=isNaN(t[1])?0:+t[1],t[0]=a(t[0],"fn-",this,n)}var i=t("ee").get("timer"),a=t("wrap-function")(i),s="setTimeout",c="setInterval",f="clearTimeout",u="-start",d="-";e.exports=i,a.inPlace(window,[s,"setImmediate"],s+d),a.inPlace(window,[c],c+d),a.inPlace(window,[f,"clearImmediate"],f+d),i.on(c+u,r),i.on(s+u,o)},{}],14:[function(t,e,n){function r(t,e){d.inPlace(e,["onreadystatechange"],"fn-",s)}function o(){var t=this,e=u.context(t);t.readyState>3&&!e.resolved&&(e.resolved=!0,u.emit("xhr-resolved",[],t)),d.inPlace(t,g,"fn-",s)}function i(t){y.push(t),h&&(b?b.then(a):v?v(a):(E=-E,O.data=E))}function a(){for(var t=0;t<y.length;t++)r([],y[t]);y.length&&(y=[])}function s(t,e){return e}function c(t,e){for(var n in t)e[n]=t[n];return e}t(6);var f=t("ee"),u=f.get("xhr"),d=t("wrap-function")(u),p=NREUM.o,l=p.XHR,h=p.MO,m=p.PR,v=p.SI,w="readystatechange",g=["onload","onerror","onabort","onloadstart","onloadend","onprogress","ontimeout"],y=[];e.exports=u;var x=window.XMLHttpRequest=function(t){var e=new l(t);try{u.emit("new-xhr",[e],e),e.addEventListener(w,o,!1)}catch(n){try{u.emit("internal-error",[n])}catch(r){}}return e};if(c(l,x),x.prototype=l.prototype,d.inPlace(x.prototype,["open","send"],"-xhr-",s),u.on("send-xhr-start",function(t,e){r(t,e),i(e)}),u.on("open-xhr-start",r),h){var b=m&&m.resolve();if(!v&&!m){var E=1,O=document.createTextNode(E);new h(a).observe(O,{characterData:!0})}}else f.on("fn-end",function(t){t[0]&&t[0].type===w||a()})},{}],15:[function(t,e,n){function r(t){if(!i(t))return null;var e=window.NREUM;if(!e.loader_config)return null;var n=(e.loader_config.accountID||"").toString()||null,r=(e.loader_config.agentID||"").toString()||null,s=(e.loader_config.trustKey||"").toString()||null;if(!n||!r)return null;var c=a.generateCatId(),f=a.generateCatId(),u=Date.now(),d=o(c,f,u,n,r,s);return{header:d,guid:c,traceId:f,timestamp:u}}function o(t,e,n,r,o,i){var a="btoa"in window&&"function"==typeof window.btoa;if(!a)return null;var s={v:[0,1],d:{ty:"Browser",ac:r,ap:o,id:t,tr:e,ti:n}};return i&&r!==i&&(s.d.tk=i),btoa(JSON.stringify(s))}function i(t){var e=!1,n=!1,r={};if("init"in NREUM&&"distributed_tracing"in NREUM.init&&(r=NREUM.init.distributed_tracing,n=!!r.enabled),n)if(t.sameOrigin)e=!0;else if(r.allowed_origins instanceof Array)for(var o=0;o<r.allowed_origins.length;o++){var i=s(r.allowed_origins[o]);if(t.hostname===i.hostname&&t.protocol===i.protocol&&t.port===i.port){e=!0;break}}return n&&e}var a=t(23),s=t(17);e.exports={generateTracePayload:r,shouldGenerateTrace:i}},{}],16:[function(t,e,n){function r(t){var e=this.params,n=this.metrics;if(!this.ended){this.ended=!0;for(var r=0;r<p;r++)t.removeEventListener(d[r],this.listener,!1);e.aborted||(n.duration=a.now()-this.startTime,this.loadCaptureCalled||4!==t.readyState?null==e.status&&(e.status=0):i(this,t),n.cbTime=this.cbTime,u.emit("xhr-done",[t],t),s("xhr",[e,n,this.startTime]))}}function o(t,e){var n=c(e),r=t.params;r.host=n.hostname+":"+n.port,r.pathname=n.pathname,t.parsedOrigin=c(e),t.sameOrigin=t.parsedOrigin.sameOrigin}function i(t,e){t.params.status=e.status;var n=v(e,t.lastSize);if(n&&(t.metrics.rxSize=n),t.sameOrigin){var r=e.getResponseHeader("X-NewRelic-App-Data");r&&(t.params.cat=r.split(", ").pop())}t.loadCaptureCalled=!0}var a=t("loader");if(a.xhrWrappable){var s=t("handle"),c=t(17),f=t(15).generateTracePayload,u=t("ee"),d=["load","error","abort","timeout"],p=d.length,l=t("id"),h=t(21),m=t(20),v=t(18),w=window.XMLHttpRequest;a.features.xhr=!0,t(14),t(7),u.on("new-xhr",function(t){var e=this;e.totalCbs=0,e.called=0,e.cbTime=0,e.end=r,e.ended=!1,e.xhrGuids={},e.lastSize=null,e.loadCaptureCalled=!1,t.addEventListener("load",function(n){i(e,t)},!1),h&&(h>34||h<10)||window.opera||t.addEventListener("progress",function(t){e.lastSize=t.loaded},!1)}),u.on("open-xhr-start",function(t){this.params={method:t[0]},o(this,t[1]),this.metrics={}}),u.on("open-xhr-end",function(t,e){"loader_config"in NREUM&&"xpid"in NREUM.loader_config&&this.sameOrigin&&e.setRequestHeader("X-NewRelic-ID",NREUM.loader_config.xpid);var n=f(this.parsedOrigin);n&&n.header&&(e.setRequestHeader("newrelic",n.header),this.dt=n)}),u.on("send-xhr-start",function(t,e){var n=this.metrics,r=t[0],o=this;if(n&&r){var i=m(r);i&&(n.txSize=i)}this.startTime=a.now(),this.listener=function(t){try{"abort"!==t.type||o.loadCaptureCalled||(o.params.aborted=!0),("load"!==t.type||o.called===o.totalCbs&&(o.onloadCalled||"function"!=typeof e.onload))&&o.end(e)}catch(n){try{u.emit("internal-error",[n])}catch(r){}}};for(var s=0;s<p;s++)e.addEventListener(d[s],this.listener,!1)}),u.on("xhr-cb-time",function(t,e,n){this.cbTime+=t,e?this.onloadCalled=!0:this.called+=1,this.called!==this.totalCbs||!this.onloadCalled&&"function"==typeof n.onload||this.end(n)}),u.on("xhr-load-added",function(t,e){var n=""+l(t)+!!e;this.xhrGuids&&!this.xhrGuids[n]&&(this.xhrGuids[n]=!0,this.totalCbs+=1)}),u.on("xhr-load-removed",function(t,e){var n=""+l(t)+!!e;this.xhrGuids&&this.xhrGuids[n]&&(delete this.xhrGuids[n],this.totalCbs-=1)}),u.on("addEventListener-end",function(t,e){e instanceof w&&"load"===t[0]&&u.emit("xhr-load-added",[t[1],t[2]],e)}),u.on("removeEventListener-end",function(t,e){e instanceof w&&"load"===t[0]&&u.emit("xhr-load-removed",[t[1],t[2]],e)}),u.on("fn-start",function(t,e,n){e instanceof w&&("onload"===n&&(this.onload=!0),("load"===(t[0]&&t[0].type)||this.onload)&&(this.xhrCbStart=a.now()))}),u.on("fn-end",function(t,e){this.xhrCbStart&&u.emit("xhr-cb-time",[a.now()-this.xhrCbStart,this.onload,e],e)}),u.on("fetch-before-start",function(t){var e,n=t[1]||{};"string"==typeof t[0]?e=t[0]:t[0]&&t[0].url&&(e=t[0].url),e&&(this.parsedOrigin=c(e),this.sameOrigin=this.parsedOrigin.sameOrigin);var r=f(this.parsedOrigin);if(r&&r.header){var o=r.header;if("string"==typeof t[0]){var i={};for(var a in n)i[a]=n[a];i.headers=new Headers(n.headers||{}),i.headers.set("newrelic",o),this.dt=r,t.length>1?t[1]=i:t.push(i)}else t[0]&&t[0].headers&&(t[0].headers.append("newrelic",o),this.dt=r)}})}},{}],17:[function(t,e,n){var r={};e.exports=function(t){if(t in r)return r[t];var e=document.createElement("a"),n=window.location,o={};e.href=t,o.port=e.port;var i=e.href.split("://");!o.port&&i[1]&&(o.port=i[1].split("/")[0].split("@").pop().split(":")[1]),o.port&&"0"!==o.port||(o.port="https"===i[0]?"443":"80"),o.hostname=e.hostname||n.hostname,o.pathname=e.pathname,o.protocol=i[0],"/"!==o.pathname.charAt(0)&&(o.pathname="/"+o.pathname);var a=!e.protocol||":"===e.protocol||e.protocol===n.protocol,s=e.hostname===document.domain&&e.port===n.port;return o.sameOrigin=a&&(!e.hostname||s),"/"===o.pathname&&(r[t]=o),o}},{}],18:[function(t,e,n){function r(t,e){var n=t.responseType;return"json"===n&&null!==e?e:"arraybuffer"===n||"blob"===n||"json"===n?o(t.response):"text"===n||""===n||void 0===n?o(t.responseText):void 0}var o=t(20);e.exports=r},{}],19:[function(t,e,n){function r(){}function o(t,e,n){return function(){return i(t,[f.now()].concat(s(arguments)),e?null:this,n),e?void 0:this}}var i=t("handle"),a=t(25),s=t(26),c=t("ee").get("tracer"),f=t("loader"),u=NREUM;"undefined"==typeof window.newrelic&&(newrelic=u);var d=["setPageViewName","setCustomAttribute","setErrorHandler","finished","addToTrace","inlineHit","addRelease"],p="api-",l=p+"ixn-";a(d,function(t,e){u[e]=o(p+e,!0,"api")}),u.addPageAction=o(p+"addPageAction",!0),u.setCurrentRouteName=o(p+"routeName",!0),e.exports=newrelic,u.interaction=function(){return(new r).get()};var h=r.prototype={createTracer:function(t,e){var n={},r=this,o="function"==typeof e;return i(l+"tracer",[f.now(),t,n],r),function(){if(c.emit((o?"":"no-")+"fn-start",[f.now(),r,o],n),o)try{return e.apply(this,arguments)}catch(t){throw c.emit("fn-err",[arguments,this,t],n),t}finally{c.emit("fn-end",[f.now()],n)}}}};a("actionText,setName,setAttribute,save,ignore,onEnd,getContext,end,get".split(","),function(t,e){h[e]=o(l+e)}),newrelic.noticeError=function(t,e){"string"==typeof t&&(t=new Error(t)),i("err",[t,f.now(),!1,e])}},{}],20:[function(t,e,n){e.exports=function(t){if("string"==typeof t&&t.length)return t.length;if("object"==typeof t){if("undefined"!=typeof ArrayBuffer&&t instanceof ArrayBuffer&&t.byteLength)return t.byteLength;if("undefined"!=typeof Blob&&t instanceof Blob&&t.size)return t.size;if(!("undefined"!=typeof FormData&&t instanceof FormData))try{return JSON.stringify(t).length}catch(e){return}}}},{}],21:[function(t,e,n){var r=0,o=navigator.userAgent.match(/Firefox[\/\s](\d+\.\d+)/);o&&(r=+o[1]),e.exports=r},{}],22:[function(t,e,n){function r(t,e){var n=t.getEntries();n.forEach(function(t){"first-paint"===t.name?c("timing",["fp",Math.floor(t.startTime)]):"first-contentful-paint"===t.name&&c("timing",["fcp",Math.floor(t.startTime)])})}function o(t,e){var n=t.getEntries();n.length>0&&c("lcp",[n[n.length-1]])}function i(t){if(t instanceof u&&!p){var e,n=Math.round(t.timeStamp);e=n>1e12?Date.now()-n:f.now()-n,p=!0,c("timing",["fi",n,{type:t.type,fid:e}])}}if(!("init"in NREUM&&"page_view_timing"in NREUM.init&&"enabled"in NREUM.init.page_view_timing&&NREUM.init.page_view_timing.enabled===!1)){var a,s,c=t("handle"),f=t("loader"),u=NREUM.o.EV;if("PerformanceObserver"in window&&"function"==typeof window.PerformanceObserver){a=new PerformanceObserver(r),s=new PerformanceObserver(o);try{a.observe({entryTypes:["paint"]}),s.observe({entryTypes:["largest-contentful-paint"]})}catch(d){}}if("addEventListener"in document){var p=!1,l=["click","keydown","mousedown","pointerdown","touchstart"];l.forEach(function(t){document.addEventListener(t,i,!1)})}}},{}],23:[function(t,e,n){function r(){function t(){return e?15&e[n++]:16*Math.random()|0}var e=null,n=0,r=window.crypto||window.msCrypto;r&&r.getRandomValues&&(e=r.getRandomValues(new Uint8Array(31)));for(var o,i="xxxxxxxx-xxxx-4xxx-yxxx-xxxxxxxxxxxx",a="",s=0;s<i.length;s++)o=i[s],"x"===o?a+=t().toString(16):"y"===o?(o=3&t()|8,a+=o.toString(16)):a+=o;return a}function o(){function t(){return e?15&e[n++]:16*Math.random()|0}var e=null,n=0,r=window.crypto||window.msCrypto;r&&r.getRandomValues&&Uint8Array&&(e=r.getRandomValues(new Uint8Array(31)));for(var o=[],i=0;i<16;i++)o.push(t().toString(16));return o.join("")}e.exports={generateUuid:r,generateCatId:o}},{}],24:[function(t,e,n){function r(t,e){if(!o)return!1;if(t!==o)return!1;if(!e)return!0;if(!i)return!1;for(var n=i.split("."),r=e.split("."),a=0;a<r.length;a++)if(r[a]!==n[a])return!1;return!0}var o=null,i=null,a=/Version\/(\S+)\s+Safari/;if(navigator.userAgent){var s=navigator.userAgent,c=s.match(a);c&&s.indexOf("Chrome")===-1&&s.indexOf("Chromium")===-1&&(o="Safari",i=c[1])}e.exports={agent:o,version:i,match:r}},{}],25:[function(t,e,n){function r(t,e){var n=[],r="",i=0;for(r in t)o.call(t,r)&&(n[i]=e(r,t[r]),i+=1);return n}var o=Object.prototype.hasOwnProperty;e.exports=r},{}],26:[function(t,e,n){function r(t,e,n){e||(e=0),"undefined"==typeof n&&(n=t?t.length:0);for(var r=-1,o=n-e||0,i=Array(o<0?0:o);++r<o;)i[r]=t[e+r];return i}e.exports=r},{}],27:[function(t,e,n){e.exports={exists:"undefined"!=typeof window.performance&&window.performance.timing&&"undefined"!=typeof window.performance.timing.navigationStart}},{}],ee:[function(t,e,n){function r(){}function o(t){function e(t){return t&&t instanceof r?t:t?c(t,s,i):i()}function n(n,r,o,i){if(!p.aborted||i){t&&t(n,r,o);for(var a=e(o),s=m(n),c=s.length,f=0;f<c;f++)s[f].apply(a,r);var d=u[y[n]];return d&&d.push([x,n,r,a]),a}}function l(t,e){g[t]=m(t).concat(e)}function h(t,e){var n=g[t];if(n)for(var r=0;r<n.length;r++)n[r]===e&&n.splice(r,1)}function m(t){return g[t]||[]}function v(t){return d[t]=d[t]||o(n)}function w(t,e){f(t,function(t,n){e=e||"feature",y[n]=e,e in u||(u[e]=[])})}var g={},y={},x={on:l,addEventListener:l,removeEventListener:h,emit:n,get:v,listeners:m,context:e,buffer:w,abort:a,aborted:!1};return x}function i(){return new r}function a(){(u.api||u.feature)&&(p.aborted=!0,u=p.backlog={})}var s="nr@context",c=t("gos"),f=t(25),u={},d={},p=e.exports=o();p.backlog=u},{}],gos:[function(t,e,n){function r(t,e,n){if(o.call(t,e))return t[e];var r=n();if(Object.defineProperty&&Object.keys)try{return Object.defineProperty(t,e,{value:r,writable:!0,enumerable:!1}),r}catch(i){}return t[e]=r,r}var o=Object.prototype.hasOwnProperty;e.exports=r},{}],handle:[function(t,e,n){function r(t,e,n,r){o.buffer([t],r),o.emit(t,e,n)}var o=t("ee").get("handle");e.exports=r,r.ee=o},{}],id:[function(t,e,n){function r(t){var e=typeof t;return!t||"object"!==e&&"function"!==e?-1:t===window?0:a(t,i,function(){return o++})}var o=1,i="nr@id",a=t("gos");e.exports=r},{}],loader:[function(t,e,n){function r(){if(!E++){var t=b.info=NREUM.info,e=l.getElementsByTagName("script")[0];if(setTimeout(u.abort,3e4),!(t&&t.licenseKey&&t.applicationID&&e))return u.abort();f(y,function(e,n){t[e]||(t[e]=n)}),c("mark",["onload",a()+b.offset],null,"api");var n=l.createElement("script");n.src="https://"+t.agent,e.parentNode.insertBefore(n,e)}}function o(){"complete"===l.readyState&&i()}function i(){c("mark",["domContent",a()+b.offset],null,"api")}function a(){return O.exists&&performance.now?Math.round(performance.now()):(s=Math.max((new Date).getTime(),s))-b.offset}var s=(new Date).getTime(),c=t("handle"),f=t(25),u=t("ee"),d=t(24),p=window,l=p.document,h="addEventListener",m="attachEvent",v=p.XMLHttpRequest,w=v&&v.prototype;NREUM.o={ST:setTimeout,SI:p.setImmediate,CT:clearTimeout,XHR:v,REQ:p.Request,EV:p.Event,PR:p.Promise,MO:p.MutationObserver};var g=""+location,y={beacon:"bam.nr-data.net",errorBeacon:"bam.nr-data.net",agent:"js-agent.newrelic.com/nr-spa-1169.min.js"},x=v&&w&&w[h]&&!/CriOS/.test(navigator.userAgent),b=e.exports={offset:s,now:a,origin:g,features:{},xhrWrappable:x,userAgent:d};t(19),t(22),l[h]?(l[h]("DOMContentLoaded",i,!1),p[h]("load",r,!1)):(l[m]("onreadystatechange",o),p[m]("onload",r)),c("mark",["firstbyte",s],null,"api");var E=0,O=t(27)},{}],"wrap-function":[function(t,e,n){function r(t){return!(t&&t instanceof Function&&t.apply&&!t[a])}var o=t("ee"),i=t(26),a="nr@original",s=Object.prototype.hasOwnProperty,c=!1;e.exports=function(t,e){function n(t,e,n,o){function nrWrapper(){var r,a,s,c;try{a=this,r=i(arguments),s="function"==typeof n?n(r,a):n||{}}catch(f){p([f,"",[r,a,o],s])}u(e+"start",[r,a,o],s);try{return c=t.apply(a,r)}catch(d){throw u(e+"err",[r,a,d],s),d}finally{u(e+"end",[r,a,c],s)}}return r(t)?t:(e||(e=""),nrWrapper[a]=t,d(t,nrWrapper),nrWrapper)}function f(t,e,o,i){o||(o="");var a,s,c,f="-"===o.charAt(0);for(c=0;c<e.length;c++)s=e[c],a=t[s],r(a)||(t[s]=n(a,f?s+o:o,i,s))}function u(n,r,o){if(!c||e){var i=c;c=!0;try{t.emit(n,r,o,e)}catch(a){p([a,n,r,o])}c=i}}function d(t,e){if(Object.defineProperty&&Object.keys)try{var n=Object.keys(t);return n.forEach(function(n){Object.defineProperty(e,n,{get:function(){return t[n]},set:function(e){return t[n]=e,e}})}),e}catch(r){p([r])}for(var o in t)s.call(t,o)&&(e[o]=t[o]);return e}function p(e){try{t.emit("internal-error",e)}catch(n){}}return t||(t=o),n.inPlace=f,n.flag=a,n}},{}]},{},["loader",2,16,5,3,4]);</script><link href="file:///C:/curbside/assets/css/chunk-47d42831.bffbf712.css" rel="prefetch"><link href="file:///C:/curbside/assets/css/chunk-4b2f1d92.1b65dd45.css" rel="prefetch"><link href="file:///C:/curbside/assets/css/chunk-5a5af047.39e675e7.css" rel="prefetch"><link href="file:///C:/curbside/assets/css/chunk-6f16e9be.e808a5bf.css" rel="prefetch"><link href="file:///C:/curbside/assets/css/chunk-7f86ab78.2fb9d35a.css" rel="prefetch"><link href="file:///C:/curbside/assets/css/chunk-e340f17e.852d62e7.css" rel="prefetch"><link href="file:///C:/curbside/assets/css/chunk-e6ac10e0.4041f4b8.css" rel="prefetch"><link href="file:///C:/curbside/assets/js/chunk-47d42831.919c6467.js" rel="prefetch"><link href="file:///C:/curbside/assets/js/chunk-4b2f1d92.30b4e276.js" rel="prefetch"><link href="file:///C:/curbside/assets/js/chunk-5a5af047.967e0b7e.js" rel="prefetch"><link href="file:///C:/curbside/assets/js/chunk-6f16e9be.606d775b.js" rel="prefetch"><link href="file:///C:/curbside/assets/js/chunk-7f86ab78.d783f163.js" rel="prefetch"><link href="file:///C:/curbside/assets/js/chunk-e340f17e.fc84782f.js" rel="prefetch"><link href="file:///C:/curbside/assets/js/chunk-e6ac10e0.c1c090bb.js" rel="prefetch"><link href="file:///C:/curbside/assets/js/chunk-f532f80e.579fb99f.js" rel="prefetch"><link href="file:///C:/curbside/assets/css/app.20a27be4.css" rel="preload" as="style"><link href="file:///C:/curbside/assets/css/chunk-vendors.439f36a4.css" rel="preload" as="style"><link href="file:///C:/curbside/assets/js/app.340c7d8f.js" rel="preload" as="script"><link href="file:///C:/curbside/assets/js/chunk-vendors.fc56ce94.js" rel="preload" as="script"><link href="file:///C:/curbside/assets/css/chunk-vendors.439f36a4.css" rel="stylesheet"></body></html>